2970 4756
552 430 841 486 ,4-

210 624 275 682 iibri
299 624 400 681 charta
424 625 609 681 membranae
633 623 736 680 similis
760 628 790 681 et
815 642 918 697 magna
943 642 1011 681 oum
1035 642 1102 680 cura
1130 624 1220 699 polita
1246 630 1277 682 et

207 730 294 788 lineis
316 730 459 788 instructa
484 735 530 787 est
544 731 601 802 ita,
634 736 718 788 utet
749 731 877 805 spatium
906 731 1067 804 scripturae
1095 730 1275 788 destinatum

206 856 223 894 a
248 837 376 911 margine
400 836 475 894 linea
500 837 608 894 directa
640 837 788 894 dividatur
811 842 840 894 et
872 837 964 894 lineae
988 838 1017 894 in
1047 856 1132 894 usum
1162 837 1277 899 littera-

207 963 271 1002 rum
305 945 412 1002 adsint.
467 944 601 1001 Continet
633 946 727 1001 cortex
760 945 907 1018 octogiuta
940 945 999 1001 duo
1032 945 1112 1013 tolia,
1147 964 1273 1020 quorum

208 1053 393 1127 septuaginta
426 1053 479 1108 tria
515 1052 659 1126 scriptura
692 1052 811 1126 impleta
846 1059 914 1110 sunt
945 1053 992 1122 ita,
1026 1058 1058 1109 ut
1088 1053 1118 1108 in
1149 1052 1274 1126 singulis

207 1159 320 1234 paginis
350 1159 569 1232 duodetriginta
600 1177 703 1216 versus
733 1165 857 1216 exstent.
909 1157 988 1231 Quae
1019 1159 1085 1216 tolia
1119 1159 1276 1216 distributa

208 1266 323 1323 suntin
340 1284 428 1323 unum
445 1266 598 1335 bunonem,
623 1284 659 1322 ex
683 1284 741 1340 quo
758 1265 830 1323 liber
848 1266 958 1340 incipit,
984 1272 1094 1340 septem
1111 1267 1275 1341 quiniones

208 1374 257 1448 qui
291 1372 416 1430 mediam
448 1378 562 1447 partem
597 1372 742 1444 obtinent,
775 1373 996 1447 ‹praternionem
1031 1391 1120 1430 unum
1152 1374 1180 1429 in
1213 1375 1276 1430 tine

209 1480 346 1555 positum.
394 1479 452 1536 Sed
476 1479 621 1536 binionem
645 1478 728 1535 illum
752 1486 853 1554 postea
875 1479 1007 1536 additum
1031 1498 1096 1537 esse
1120 1480 1275 1555 compluri-

210 1587 263 1644 bus
291 1586 388 1644 causis
416 1603 556 1660 apparere
586 1585 655 1642 mihi
688 1585 812 1642 videtur.
859 1585 934 1643 Nam
964 1605 1019 1643 non
1049 1588 1144 1644 solum
1173 1588 1277 1646 charta

208 1695 272 1768 ipsa
296 1693 443 1750 diversum
467 1692 608 1761 habitum,
626 1693 755 1767 praebet,
780 1693 832 1750 sed
857 1693 945 1749 etiam
970 1694 1017 1750 hic
1042 1694 1118 1751 binio
1142 1695 1276 1770 quamvis

209 1801 238 1858 in
266 1800 348 1857 initio
377 1799 441 1857 libri
472 1800 584 1874 positus
615 1807 713 1857 tamen
738 1799 853 1856 omnino
879 1800 1024 1874 scriptura
1049 1820 1102 1858 nee
1126 1820 1182 1858 uon
1214 1802 1276 1859 iliis

209 1907 295 1979 notia,
310 1906 416 1981 quilius
431 1906 585 1981 quiniones
601 1913 630 1963 et
645 1906 795 1982 quaternio
812 1914 1009 1977 numerantur,
1027 1915 1114 1966 caret.
1140 1909 1275 1967 Carmina

209 2014 301 2088 igitur
319 2014 436 2070 demum
451 2013 479 2069 in
504 2013 598 2087 primo
623 2013 692 2070 totio
717 2013 802 2087 primi
827 2013 974 2088 ‹prinionis
989 2015 1138 2071 exordium
1156 2015 1277 2089 capiunt

208 2126 239 2178 et
257 2119 401 2196 usquead
427 2119 548 2177 tertium
572 2119 673 2177 talium
698 2120 898 2195 quaternionis
922 2121 1075 2195 pertinent.
1108 2123 1181 2179 Sunt
1202 2123 1276 2180 haec

209 2228 321 2301 integra
345 2227 477 2301 Properti
502 2227 637 2285 earmina.

297 2337 358 2394 Iam
395 2348 463 2393 vero
502 2336 621 2393 ultimae
660 2335 842 2410 singulorum
881 2336 1051 2411 quiniounm
1086 2336 1209 2410 paginae
1244 2337 1274 2392 in

208 2444 326 2518 angulis
340 2443 407 2500 imis
432 2443 541 2517 primas
561 2443 680 2501 voculas
704 2443 849 2518 quinionis
874 2443 1054 2518 sequentisa
1078 2443 1171 2516 prima
1188 2461 1275 2500 manu

208 2551 318 2624 positas
352 2551 504 2625 praebent,
537 2549 643 2607 ateinde
672 2549 823 2625 quiniones
856 2568 891 2606 ne
921 2549 1122 2606 numeratione
1154 2549 1275 2623 quidem

209 2663 317 2729 carent,
341 2675 406 2714 nam
431 2659 462 2713 in
482 2656 593 2713 eisdem
614 2656 732 2730 angulis
756 2656 871 2713 litterae
889 2655 1020 2727 singulae
1036 2656 1187 2730 appositae
1204 2664 1275 2714 suut

208 2782 224 2820 a
245 2763 278 2820 K
290 2763 433 2838 usquead
450 2763 479 2820 n
492 2769 522 2820 et
538 2763 576 2820 ita
593 2762 721 2837 quidem,
740 2768 772 2818 ut
792 2762 889 2819 littera
906 2779 1039 2836 quaeque
1055 2781 1112 2818 non
1130 2762 1224 2818 solum
1245 2763 1276 2820 in

208 2870 300 2944 prima
314 2869 456 2944 cuiusque
468 2869 615 2944 quinionis
626 2868 733 2943 pagina
745 2874 850 2940 exstet,
864 2868 916 2925 sed
930 2868 1017 2925 etiam
1031 2869 1059 2924 in
1073 2868 1275 2942 compluribus

208 2977 392 3052 sequentinm
421 2976 585 3034 inveniatur
608 2976 737 3033 numeris
764 2977 789 3032 1.
815 2976 842 3032 2.
871 2980 901 3032 et
923 2975 1019 3032 littera
1047 2978 1071 3042 (2
1094 2974 1274 3051 (=tpiini0)

207 3083 336 3141 adiectis,
366 3083 450 3140 Hunc
474 3082 684 3140 numerationis
707 3100 792 3140 usum
818 3083 846 3138 in
875 3082 1063 3157 quinionibus
1087 3084 1273 3140 observatum

207 3190 293 3248 etiam
327 3190 355 3246 in
389 3189 577 3265 quaternione
609 3195 756 3265 postremo
788 3189 952 3247 adhibitum
982 3189 1121 3261 videmus,
1156 3207 1212 3245 non
1245 3189 1275 3246 in

210 3296 324 3354 binione
348 3302 380 3353 ut
404 3297 458 3353 iam
484 3296 595 3354 dietum
620 3303 676 3354 est.
711 3296 816 3353 Mirum
839 3303 938 3353 auteur
956 3314 1019 3353 esse
1045 3297 1168 3368 ridetur,
1192 3297 1273 3371 quod

208 3402 343 3461 librarius
380 3403 409 3459 in
444 3404 498 3461 hae
530 3403 677 3461 notatione
708 3423 724 3459 a
755 3401 852 3460 littera
876 3403 909 3459 K
929 3421 1024 3477 neque
1059 3422 1074 3459 a
1111 3403 1209 3460 littera
1235 3405 1274 3475 A,

208 3529 281 3585 quae
309 3510 401 3585 prima
433 3511 463 3567 in
494 3511 594 3568 ordine
624 3510 788 3567 litterarum
816 3515 869 3580 est,
899 3509 1013 3566 initium
1043 3510 1162 3583 coperit,
1195 3511 1277 3585 quod

208 3626 317 3675 temere
347 3619 455 3675 iactum
487 3636 552 3675 esse
581 3636 636 3674 non
665 3623 770 3692 potest.
809 3615 885 3687 Quid
910 3615 977 3672 inde
1006 3623 1145 3691 sequatur
1168 3617 1272 3690 paucis

208 3725 421 3782 demonstrabo
454 3725 565 3781 Littera
594 3725 627 3781 K
646 3724 723 3782 eninr
745 3723 774 3778 in
804 3723 966 3780 litterarum
998 3723 1097 3779 ordine
1128 3723 1276 3779 deminum

207 3831 302 3888 locum
313 3837 402 3904 tenet,
412 3850 501 3907 quare
511 3849 610 3888 novem
623 3830 778 3906 quiniones
788 3830 834 3887 vel
845 3830 1052 3904 quaterniones
1062 3829 1276 3904 praecesserint

208 3956 327 3997 necesse
350 3946 404 3998 est.
437 3939 513 4011 Quid
538 3957 604 3996 voro
629 3927 656 3994 iri
681 3938 741 3995 illis
765 3937 953 4013 quinionibus
971 3936 1112 4011 scriptum
1137 3935 1211 3992 tuit?
1242 3935 1275 3993 [d

208 4047 286 4106 euim
310 4048 334 4106 si
358 4047 527 4108 oonioiendo
551 4048 744 4124 assequimur,
770 4045 911 4104 sententia
938 4043 1000 4120 ipsa
1030 4043 1067 4102 de
1092 4043 1134 4101 IX
1157 4042 1276 4103 omissis
