2970 4756
555 397 749 455 -5-

121 592 269 650 fasciculis
294 611 345 667 per
369 610 399 650 se
423 592 637 651 verisimillima
660 593 750 650 etiem
775 593 869 667 magis
893 593 1008 652 firmata
1030 593 1094 652 erit.
1140 593 1185 650 In-

121 701 240 757 fuerunt
278 705 377 757 autem
418 719 480 757 mea
523 701 639 776 quidem
680 702 824 758 sententia
863 700 969 759 Catulli
1009 706 1038 758 et
1076 700 1186 758 Tibulli

121 807 256 865 earmina.
306 807 388 865 Multi
413 808 490 865 euim
514 807 580 865 libri
606 808 708 882 scripti
733 808 903 865 recentioris
927 808 990 866 aeri
1014 808 1185 866 eoniunetos

122 899 176 972 lios
193 920 251 972 tres
275 920 377 990 poetas
394 915 530 972 offerunt.
562 915 734 973 Continebat
757 915 847 989 igitur
864 915 1017 973 lnrsatieus
1041 914 1185 989 quondam

121 1040 179 1078 non
195 1022 289 1079 solum
307 1022 437 1097 Properti
456 1022 508 1078 sed
522 1022 608 1079 etiam
627 1021 734 1079 Catulli
759 1027 789 1079 et
803 1021 909 1078 Tibulli
934 1021 1070 1094 earmina,
1096 1040 1185 1097 quam

121 1127 286 1202 opinionem
304 1127 392 1203 paulo
407 1129 571 1186 aemrratius
587 1128 780 1202 disputemus.
805 1128 916 1186 Nouem
934 1129 1012 1186 enim
1027 1128 1186 1203 quiniones

121 1234 144 1291 si
170 1235 387 1308 duodetriginta
407 1252 509 1292 versus
533 1234 657 1308 singulis
680 1234 793 1309 paginis
816 1234 979 1307 tribuimus,
1004 1233 1185 1293 ICCXXXX

122 1359 224 1399 versus
271 1341 429 1416 postulant,
477 1341 592 1400 Catullo
634 1346 732 1398 autern
775 1341 1021 1413 MMOOLXXVI,
1068 1340 1186 1399 Tibullo

123 1448 352 1506 MDCOCCXXI
377 1467 480 1506 versus
504 1448 648 1506 tribuendi
674 1455 750 1521 sunt,
781 1450 858 1506 unde
882 1467 1021 1506 uumerus
1046 1466 1185 1506 versuum

123 1553 336 1614 blMMMOIOV
360 1554 496 1612 eflicitur.
534 1555 644 1613 Deinde
668 1561 786 1630 propter
813 1555 926 1613 litteras
950 1556 1087 1628 initiales,
1111 1573 1186 1631 quae

122 1679 174 1734 per
197 1665 335 1736 quattuor
359 1679 495 1719 versuum
524 1662 651 1737 spatium
682 1668 855 1720 excrescunt
884 1662 1017 1736 (duorum
1042 1662 1186 1737 inseripti-

122 1769 185 1824 onis
217 1773 247 1825 et
284 1767 406 1825 duorum
445 1769 621 1840 contextus),
665 1770 740 1827 inter
780 1769 894 1844 singula
930 1770 1056 1826 earmina
1094 1770 1187 1843 spatia

123 1875 254 1932 binorum
279 1893 416 1932 versuum
446 1876 686 1950 inscriptionibus
714 1876 812 1934 relicta
838 1876 930 1934 fuisse
956 1882 1063 1947 statuo,
1097 1894 1187 1951 quare

123 1981 236 2040 OCOIV
267 1983 400 2040 versibus
430 2001 569 2040 numerus
600 2001 738 2041 uersuum
768 1988 900 2057 augetur.
952 1982 1052 2057 ltaque
1083 1999 1187 2040 versus

123 2089 428 2148 transducerem
455 2087 634 2148 Catullianos
658 2089 840 2147 Tibullianos
864 2090 960 2161 habes,
989 2089 1039 2165 qui
1067 2089 1096 2146 in
1120 2088 1187 2146 illos

123 2215 228 2255 norem
256 2197 411 2272 quiniones
440 2198 481 2254 sie
509 2197 703 2255 distribuendi
728 2204 805 2269 sunt,
834 2204 867 2256 ut
891 2197 1007 2256 Catullo
1032 2197 1186 2272 quiniones

123 2306 252 2381 quinque
276 2306 445 2375 tribuamus,
469 2323 590 2380 quorum
617 2307 773 2378 nonaginta
797 2306 866 2362 lolia
889 2304 996 2368 litteris
1020 2304 1186 2378 eonseripta

114 2413 238 2486 tuerint,
264 2411 378 2469 Tibullo
402 2412 556 2487 quiniones
579 2418 725 2488 «plattam,
749 2430 872 2487 quorum
897 2417 962 2469 oeto
986 2410 1054 2467 folia
1077 2409 1186 2467 litteris

123 2519 276 2576 caruerint.
333 2519 468 2576 Concedo
505 2523 603 2576 autem
642 2519 704 2576 lieri
743 2519 888 2593 potuisse,
927 2522 960 2575 ut
996 2535 1053 2574 non
1092 2516 1187 2573 solum

123 2625 275 2700 quiniones
299 2625 351 2682 sed
375 2625 461 2682 etiam
487 2625 691 2700 quaterniones
718 2626 746 2682 in
776 2626 830 2683 lrac
858 2624 1048 2700 pessumdata
1077 2622 1187 2680 eodieis

123 2737 204 2806 parte
227 2732 402 2803 exstiterint,
427 2732 469 2789 sio
493 2737 526 2789 nt
549 2733 577 2788 in
603 2732 753 2807 Propertio
778 2733 832 2789 sub
860 2732 949 2789 finem
984 2732 1093 2788 laetum
1122 2746 1187 2786 esse

125 2838 266 2895 videmus.
316 2837 399 2908 Quod
440 2839 463 2895 si
501 2839 644 2913 ponimus,
680 2839 813 2896 loliorum
850 2856 1006 2896 vacuorum
1046 2853 1187 2893 numerus

124 2945 308 3002 deminuitur.
336 2943 437 3019 ltaque
455 2945 478 3001 si
493 2946 566 3002 liano
578 2945 743 3020 opinionem
758 2946 946 3017 sustinemus,
961 2962 1002 3001 so.
1019 2942 1188 3000 Lusatieum

124 3051 192 3108 olim
218 3051 375 3126 pleniorem
399 3052 489 3109 luisse
510 3059 669 3127 posteaque
685 3070 723 3109 ex
740 3071 774 3109 eo
798 3052 933 3126 demptos
957 3068 1022 3108 esse
1038 3048 1187 3107 Catullum

124 3157 279 3230 Tibullum,
308 3167 341 3216 ut
366 3159 446 3215 solus
472 3158 641 3232 Propertius
670 3164 840 3232 tegumento
869 3157 928 3228 illo,
956 3175 1015 3232 quo
1044 3155 1188 3227 videmus

124 3265 331 3336 includeretur,
356 3266 426 3321 mira
451 3264 499 3321 illa
527 3265 688 3322 numeratio
712 3264 871 3322 litterarum
889 3263 923 3320 K
928 3297 954 3303 —
965 3263 993 3321 a
1007 3263 1189 3337 explanatur.

124 3370 184 3427 Iam
209 3389 277 3427 vero
301 3377 429 3445 opponat
452 3369 596 3446 quispiam
627 3370 690 3428 lieri
720 3388 776 3428 nou
806 3369 946 3444 potuisse,
977 3374 1010 3426 ut
1040 3369 1070 3425 in
1094 3368 1190 3425 medio
1241 3370 1246 3374 “

124 3477 222 3534 eodioe
246 3477 312 3534 folia
338 3496 425 3535 auena
452 3477 694 3552 relimprerentur.
726 3476 783 3534 Sed
810 3477 883 3534 haee
907 3493 1024 3551 quoque
1048 3473 1190 3532 dubitatio

125 3583 226 3656 paneis
250 3583 311 3639 tolli
338 3590 439 3657 potest.
486 3583 560 3640 Nam
586 3583 717 3657 Properti
746 3584 873 3640 earmina
904 3583 967 3657 ipsa
997 3582 1026 3638 in
1056 3580 1190 3643 Lusatioo

125 3689 267 3763 incipiunt
296 3690 324 3747 in
351 3691 443 3764 primo
474 3709 558 3747 versu
584 3690 668 3764 primi
692 3689 754 3746 folii
777 3689 926 3764 quinionis
950 3688 987 3756 K,
1018 3687 1096 3744 unde
1124 3704 1191 3744 cou-

124 3795 298 3853 cludendum
320 3814 385 3853 esse
409 3797 534 3855 arbitror
556 3797 643 3853 etiarn
668 3797 796 3853 earmina
812 3795 919 3855 Catulli
935 3800 964 3852 et
981 3793 1100 3857 Tibulli,
1124 3810 1190 3850 eum

124 3902 231 3976 plenus
254 3904 348 3960 eodex
365 3910 453 3970 esset,
473 3906 502 3959 in
529 3902 629 3976 primis
653 3901 730 3959 loliis
745 3902 871 3960 alieuius
891 3900 1037 3976 quinionis
1053 3900 1191 3974 coepisse.

125 4008 280 4066 Praeterea
305 4009 437 4084 Properti
461 4009 662 4084 quaternionis
686 4008 780 4065 ultimi
809 4008 877 4065 lolia
906 4008 1036 4084 quinque
1059 4010 1191 4064 extrema
