2970 4756
629 395 849 454 -ssg-

208 597 270 652 tum
294 593 440 668 praebere,
453 610 552 668 -quam
575 591 613 649 ad
636 609 698 650 rem
725 591 756 648 hi
784 591 843 648 fere
866 590 923 648 loci
947 589 1107 665 pertinent:
1139 588 1168 646 ll
1192 590 1273 662 3,24

208 699 364 799 Ardra'dus,
404 699 483 774 quod
515 716 604 774 supra
639 698 696 755 iam
725 697 801 756 inter
829 702 1013 756 correcturas
1040 696 1275 767 commemoravi,

208 824 284 881 hanc
313 826 430 900 quoque
461 823 498 880 ad
530 841 591 880 rem
622 827 742 898 spectat.
796 821 871 880 Nam
901 821 1038 880 librarius
1067 816 1210 896 Amidae,
1244 821 1274 878 id

208 930 286 1006 quod
309 929 416 1004 NNA)
442 928 590 1002 exhibent,
614 929 741 987 scribere
764 929 869 1003 coepit,
898 928 1005 986 deinde
1028 928 1056 985 in
1080 928 1192 986 Aridus
1215 928 1280 985 DV

207 1037 341 1095 codicum
367 1037 541 1113 scripturam
570 1036 647 1094 inter
671 1036 858 1094 scribendum
882 1035 1018 1094 correxit.
1065 1035 1158 1094 Simili
1186 1035 1274 1093 modo

208 1143 334 1202 mediam
370 1143 546 1218 scripturam
581 1143 659 1200 inter
690 1162 711 1200 x
743 1149 773 1200 et
805 1161 824 1216 y
859 1142 887 1199 in
921 1142 948 1199 L
980 1142 1080 1200 codice
1113 1142 1273 1199 exhibitam

208 1250 340 1308 videmus
368 1249 398 1307 ll
427 1250 527 1322 25,42
552 1249 643 1321 dareta,
667 1267 734 1307 cum
757 1249 835 1306 ducit
851 1249 888 1321 N,
912 1267 950 1306 ex
973 1264 1031 1324 quo
1050 1249 1160 1306 Lm?
1183 1249 1275 1324 scrip-

156 1431 159 1434 ἢ
209 1362 306 1414 turam
337 1356 477 1431 sumpsit,
508 1361 539 1414 et
569 1355 662 1413 dahis
685 1355 775 1412 DVN
800 1355 925 1413 tradant.
972 1354 1000 1412 ΙΙ
1027 1356 1127 1428 29,41
1160 1356 1275 1412 custode

208 1469 298 1521 rector
328 1464 354 1520 L
384 1482 415 1520 m
445 1465 461 1521 1
493 1464 554 1539 (ll),
588 1463 672 1521 euius
709 1462 844 1521 lectionis
877 1462 1003 1538 priorem
1033 1466 1145 1537 partem
1176 1480 1215 1519 ex
1245 1462 1282 1519 N

208 1570 317 1644 codice,
333 1569 524 1646 posteriorem
540 1588 577 1627 ex
593 1570 624 1627 N
633 1569 742 1642 codiee,
761 1569 809 1627 vel
828 1569 926 1644 potius
943 1575 1096 1644 utramque
1111 1586 1149 1626 ex
1164 1587 1184 1624 x
1200 1572 1230 1625 et
1245 1586 1274 1641 y,

208 1677 328 1752 recepit.
360 1677 471 1743 Deinde
487 1676 533 1734 ΙΙΙ
552 1678 651 1750 12,35
677 1681 774 1734 arctus
790 1676 817 1732 L
833 1676 919 1734 lectio
943 1675 1104 1751 composita
1121 1680 1168 1733 est
1190 1693 1228 1732 ex
1245 1675 1281 1733 N

208 1783 316 1842 codicis
336 1783 458 1842 lectione
474 1802 560 1841 arcus
574 1789 604 1841 et
619 1789 710 1856 artus,
728 1783 758 1840 id
778 1783 855 1859 quod
868 1783 930 1840 DV
943 1784 1092 1858 praebent,
1113 1781 1275 1857 eodemque

209 1891 292 1949 inodo
308 1891 418 1949 factum
430 1895 475 1949 est
487 1890 529 1948 lV
544 1892 572 1964 2,
582 1888 623 1948 34
636 1890 758 1948 Nosurmr
775 1890 799 1946 L
815 1908 846 1946 m
859 1892 882 1962 I,
898 1889 999 1947 navata
1010 1889 1048 1961 N,
1068 1889 1193 1946 thurius
1204 1888 1273 1959 DV,

207 1997 249 2054 lV
276 1999 303 2069 l,
317 1998 355 2056 72
380 1996 512 2054 choriales
535 1998 571 2068 L,
600 1996 743 2054 clrloridca
765 1997 804 2067 N,
828 1996 952 2054 cloridos
975 2018 1009 2075 φ,
1040 1995 1082 2052 IV
1105 1997 1179 2069 7,81
1206 2014 1275 2052 uano

207 2104 243 2175 L,
256 2103 326 2160 onio
342 2103 379 2165 N.
396 2102 483 2160 humo
496 2125 529 2181 φ,
551 2103 617 2161 vide
630 2104 686 2162 tab.
699 2102 750 2161 Vl.
775 2103 910 2179 Denique
923 2103 961 2161 de
976 2102 1019 2160 IV
1034 2104 1088 2176 3,1
1109 2101 1275 2160 Auretbusu

208 2226 235 2283 L
271 2245 364 2301 pauca
403 2227 553 2286 addamus.
612 2227 675 2286 Hoc
713 2227 790 2285 enim
832 2228 895 2286 loco
929 2233 981 2286 aut
1017 2226 1120 2312 calami
1157 2227 1275 2303 lapsum

209 2333 334 2405 librarii,
368 2333 418 2408 qui
448 2352 467 2390 o
496 2334 623 2392 litteram
655 2335 728 2393 falso
758 2335 803 2393 bis
831 2335 944 2410 posuit,
975 2340 1080 2410 postea
1107 2353 1126 2392 a
1150 2334 1274 2392 alteram

207 2439 324 2511 delevit,
345 2444 404 2512 aut,
429 2440 505 2515 quod
522 2457 577 2515 ego
592 2441 713 2515 quidem
728 2441 863 2513 arbitror,
889 2441 1134 2515 significationem
1152 2439 1275 2514 originis

207 2547 234 2603 L
257 2546 367 2605 codicis
383 2565 420 2605 ex
439 2547 552 2606 duobus
571 2547 790 2624 exemplaribus
814 2549 909 2606 tactae
923 2566 1081 2623 agnoscere
1104 2564 1274 2622 possumus

210 2653 284 2711 Nam
308 2654 437 2730 primum
461 2654 602 2713 initialem
628 2654 755 2713 litteram
779 2657 806 2712 A
831 2655 916 2712 utin
940 2677 964 2733 φ
988 2659 1095 2728 exstat,
1119 2653 1274 2712 librarium
1297 2681 1302 2690 ·

207 2760 370 2835 scripsisse,
404 2760 511 2819 deinde
544 2761 671 2819 alterum
704 2761 854 2835 exemplar
884 2779 904 2816 x
936 2760 1040 2818 classis
1072 2760 1189 2833 adiisse,
1223 2759 1275 2817 ubi

207 2866 373 2925 Huretbusa
403 2867 521 2940 invenit,
559 2872 770 2943 proptereaque
800 2885 818 2923 a
849 2866 997 2942 duplicem
1027 2866 1175 2941 posuisse.
1192 2871 1274 2941 pute.

296 2973 357 3032 Hos
371 2979 469 3032 autem
493 2974 582 3046 locos,
607 2991 681 3049 quos
700 2973 856 3031 ostendere
880 2973 1023 3032 contendo
1040 2972 1067 3030 L
1090 2971 1222 3030 codicem
1237 2990 1275 3056 ex

207 3080 323 3138 duobus
352 3080 572 3155 exemplaribus
600 3080 794 3155 compositum
819 3097 893 3152 esse,
922 3080 1059 3154 Peperus,
1088 3079 1139 3155 qui
1167 3079 1194 3135 L
1218 3079 1275 3137 ori-

206 3186 303 3260 ginem
328 3205 366 3244 ex
390 3205 447 3244 uno
470 3188 550 3245 fonte
575 3187 740 3263 sumpsisse
756 3187 894 3259 affirmat,
917 3186 958 3244 ita
975 3185 1123 3262 explicare
1140 3190 1273 3258 conatur,

206 3300 240 3352 ut
272 3293 350 3352 dicat
381 3295 408 3352 L
436 3295 588 3353 librarium
620 3313 711 3352 unum
744 3294 896 3369 exemplar
926 3293 1091 3352 describere
1121 3291 1175 3350 sibi
1208 3311 1274 3368 pro·

206 3401 341 3476 posuisse
368 3402 580 3478 consiliumque
614 3401 769 3476 diligenter
799 3399 972 3475 perfecisse,
1004 3398 1061 3457 nisi
1092 3398 1172 3475 quod
1203 3417 1274 3456 non-

206 3507 295 3566 nullis
320 3508 400 3581 lociS,
425 3508 473 3566 ubi
497 3508 637 3566 lectiones
655 3507 699 3565 sui
716 3506 891 3582 exemplaris
907 3506 1079 3580 intellegere
1096 3523 1154 3562 non
1170 3506 1274 3580 potuit,

207 3632 244 3671 ex
263 3614 319 3672 alio
339 3616 418 3673 iente
441 3615 580 3672 hauserit.
614 3614 700 3671 Hunc
724 3632 840 3689 quoque
860 3613 968 3670 librum
990 3613 1161 3686 secundum,
1184 3630 1273 3688 quem

207 3721 376 3794 adhibebat,
410 3720 563 3778 librarium
597 3721 627 3777 in
662 3720 868 3778 distributione
901 3719 1062 3776 carminum
1097 3718 1274 3794 plerumque

208 3831 339 3884 secutum
355 3845 420 3885 esse
438 3828 531 3885 tribus
548 3826 619 3885 locis
636 3828 777 3902 exceptis,
803 3827 852 3885 ubi
866 3827 900 3885 N
911 3825 1020 3884 codicis
1036 3825 1274 3884 distributionem

207 3933 328 3991 exhibet
357 3935 401 4007 (ll
431 3937 486 4006 27,
515 3918 546 3992 ll
571 3936 625 4004 29,
654 3934 699 3992 lll
729 3935 849 4010 nam)
882 3934 1013 4008 Peperus
1043 3940 1143 3992 censet
1179 3933 1274 4009 expli-
