2970 4756
534 377 753 438 ..11-

112 578 293 633 correcturas
316 574 394 634 fecit.
439 573 515 632 Nam
540 574 587 633 vel
611 576 696 633 verba
720 575 767 633 vel
786 575 900 634 litterae
919 595 936 633 a
956 595 993 633 m.
1012 577 1026 632 1
1050 574 1178 633 omissae

114 682 291 757 supplentur
322 682 565 757 suprascribendo
593 682 652 740 fere
682 683 737 740 hoc
765 683 850 740 modo
878 701 992 757 sperare
1015 686 1026 773 ξ
1052 682 1089 739 ΙΙ.
1111 683 1138 754 9,
1148 684 1177 754 8,

113 824 164 882 sed
189 842 306 899 semper
328 825 383 882 hoc
407 824 524 882 hamulo
548 857 559 883 Λ
581 825 629 881 hic
652 825 777 899 scriptor
792 825 893 897 utitur,
917 826 942 882 si
964 825 1077 903 aliquid
1091 826 1176 883 omis-

113 949 177 989 sum
211 949 276 989 esse
308 931 475 1006 significare
504 931 577 988 vnlt.
631 931 744 989 Deinde
777 931 806 988 in
836 931 965 1006 margine
996 937 1179 990 correcturae

112 1045 198 1114 atque
227 1040 323 1098 variae
352 1039 494 1097 lectiones
521 1039 671 1096 adduntur
699 1044 732 1097 ut
760 1039 782 1096 Ι.
808 1040 896 1111 3‚23,
927 1040 993 1111 5,9,
1025 1040 1122 1110 14,22
1149 1045 1180 1097 et

113 1146 214 1204 multis
237 1146 303 1204 aliis
328 1146 408 1205 locis
452 1146 619 1204 Carminum
644 1164 762 1222 qnoque
787 1145 991 1220 inscriptiones
1012 1153 1041 1205 et
1062 1146 1176 1204 numeri

111 1258 141 1310 et
163 1253 303 1312 librorum
327 1259 358 1312 et
381 1254 544 1312 carminum
577 1254 614 1311 ad
644 1255 717 1312 hanc
746 1273 863 1312 manum
894 1254 1029 1325 redeunt,
1061 1259 1094 1312 ut
1121 1253 1179 1311 iam

114 1360 201 1418 supra
225 1342 336 1402 dictum
361 1349 413 1401 est.

202 1485 321 1543 Praeter
351 1487 404 1543 has
437 1486 511 1544 duas
542 1491 736 1544 correctorum
768 1504 871 1544 manus
901 1486 986 1544 tertia
1017 1504 1120 1543 manus
1150 1485 1178 1542 in

114 1591 296 1666 corrigendis
319 1593 465 1650 erroribus
490 1598 603 1650 versata
631 1599 685 1659 est,
716 1612 782 1650 nam
812 1593 914 1652 multis
942 1593 1014 1652 locis
1042 1598 1072 1651 et
1099 1592 1178 1650 litte·
1254 1598 1259 1606 ”

112 1717 209 1756 rarum
245 1701 337 1757 forma
370 1705 400 1758 et
432 1706 630 1759 atramentum
663 1719 718 1757 non
752 1702 898 1758 consentit
930 1719 996 1759 cum
1031 1700 1177 1775 prioribus

113 1805 253 1864 manibus.
301 1807 333 1863 In
357 1812 499 1865 contextu
522 1812 622 1864 autem
650 1808 714 1883 ipso
736 1814 780 1865 m.
811 1810 828 1865 3
859 1808 987 1866 correxit
1015 1808 1068 1865 hos
1096 1807 1175 1865 locos

112 1911 134 1968 1³
161 1913 247 1984 9,34.
279 1912 317 1970 ΙΙ.
344 1915 430 1986 26,1.
469 1914 521 1972 ΙΙΙ.
547 1915 613 1987 2,8.
639 1915 719 1988 2,48.
744 1915 811 1987 4,7.
839 1917 925 1980 aba.
951 1916 1038 1986 22,1.
1065 1916 1180 1986 25,13.

111 2019 162 2077 IV.
188 2021 276 2091 5,52.
323 2021 417 2078 Etiam
448 2021 604 2080 nonnullae
632 2021 833 2080 adnotationes
857 2026 887 2080 et
917 2022 1011 2080 variae
1041 2020 1179 2080 lectiones

112 2109 142 2183 in
167 2127 298 2201 margine
314 2128 351 2185 ad
376 2129 452 2186 hane
468 2148 585 2186 manum
601 2130 770 2188 referendae
786 2136 856 2189 suut
879 2129 916 2188 ΙΙ.
935 2131 985 2202 20,
997 2131 1045 2188 12.
1071 2131 1180 2202 34,65.

114 2234 225 2305 34,82.
258 2234 311 2291 ΙΙΙ.
335 2236 445 2303 luas.
472 2237 581 2310 16‚21.
616 2236 666 2294 IV.
689 2238 776 2311 (i,25.
804 2240 891 2308 7,85.
916 2239 1003 2309 8,84.
1027 2237 1181 2294 Praeterea

43 2391 46 2397 .
111 2346 249 2399 accentus
283 2360 371 2418 supra
403 2344 415 2400 i
448 2348 477 2401 et
509 2363 530 2400 u
557 2344 672 2402 vocales
705 2365 722 2402 a
755 2365 843 2403 manu
876 2345 961 2402 tertia
994 2344 1082 2419 positi
1115 2361 1180 2401 esse

112 2447 256 2508 videntur.
313 2451 432 2509 Certum
465 2451 585 2526 quidem
619 2457 663 2508 est
698 2457 837 2509 accentus
872 2469 936 2509 esse
971 2451 1102 2509 adiectos
1134 2452 1177 2507 in-

113 2555 321 2631 scriptionibus
349 2557 509 2615 carminum
539 2558 597 2615 iam
630 2558 741 2632 positis,
771 2577 838 2615 nam
867 2576 942 2616 rmus
971 2563 1070 2616 exstat
1097 2558 1179 2615 locus

112 2661 165 2720 ΙΙΙ,
190 2663 210 2719 4
235 2663 283 2720 ubi
307 2665 337 2720 in
360 2663 549 2738 inscriptione
572 2664 648 2722 ictus
672 2682 761 2739 supra
779 2665 792 2722 a'
807 2683 865 2722 uon
888 2665 976 2722 rubro
1001 2664 1051 2722 sed
1077 2665 1180 2721 eodem
1218 2711 1221 2716 .

112 2769 196 2827 tusco
220 2770 324 2843 colore,
356 2789 413 2846 quo
437 2771 562 2846 scriptor
585 2771 689 2830 tertiae
713 2790 816 2830 manus
842 2773 942 2845 utitur,
978 2772 1097 2829 additus
1124 2775 1178 2828 est.

115 2874 176 2947 Qua
205 2895 238 2934 re
266 2876 457 2935 demonstrari
486 2878 610 2936 arbitror
637 2885 777 2938 accentus
805 2898 862 2938 non
891 2899 908 2937 a
936 2898 1022 2937 manu
1051 2878 1180 2937 secunda

116 2983 168 3040 sed
193 3001 312 3041 amana
336 2985 498 3059 posteriore
522 2986 614 3044 iactos
629 3004 702 3044 esse.
734 2987 848 3044 Deinde
868 2987 906 3043 ad
931 2986 1045 3044 tertiam
1061 3004 1180 3043 manum

115 3090 263 3165 pertinent
275 3090 367 3149 illitae
384 3091 453 3150 illae
470 3092 595 3151 lineolae
614 3099 644 3151 et
665 3112 805 3151 mannum
817 3093 957 3167 imagines
976 3093 1117 3168 graphice
1129 3094 1178 3152 de-

112 3197 219 3272 pictae,
228 3217 302 3275 rinae
313 3198 342 3254 in
350 3199 481 3273 margine
492 3199 891 3275 frequenterinveniunturet
901 3199 1039 3257 mundam
1050 3200 1178 3274 speciem

110 3303 220 3362 codicis
243 3323 335 3380 paene
354 3305 521 3381 depravant.
570 3306 675 3363 Manus
694 3311 790 3363 autem
815 3305 883 3363 illae
907 3305 1001 3381 pictae
1021 3305 1051 3363 in
1075 3323 1179 3363 versus

110 3416 272 3468 memoratu
298 3411 402 3486 dignos
425 3413 551 3488 digitum
574 3412 713 3488 tendunt;
742 3417 841 3469 contra
864 3430 967 3470 cruces
993 3412 1023 3469 in
1048 3412 1179 3486 margine

109 3517 261 3592 adpositae
290 3518 387 3577 locum
418 3525 586 3594 corruptum
617 3537 682 3577 esse
714 3519 893 3593 significant,
932 3520 1010 3594 quod
1043 3524 1179 3595 quattuor

112 3623 183 3682 locis
212 3624 322 3682 factum
353 3631 398 3683 est
428 3625 451 3683 Ι.
483 3627 573 3697 8,22.
623 3625 659 3684 ΙΙ.
692 3626 803 3697 22,32.
829 3627 939 3699 28,25.
985 3625 1178 3700 111.·27‚37.

201 3785 312 3843 Deinde
336 3786 485 3844 noumdlis
508 3787 581 3844 locis
606 3805 708 3844 versus
724 3795 753 3845 et
776 3788 980 3862 inscriptiones
1003 3787 1078 3845 falso
1101 3788 1178 3863 posi-

111 3896 157 3948 tae
181 3891 315 3950 delentur
338 3893 387 3963 ita,
412 3899 443 3951 ut
466 3894 654 3952 includantur
677 3913 747 3952 voce
770 3900 901 3952 ἰα-σαί
925 3893 1069 3969 bipertita.
1099 3892 1178 3966 Quae

110 4016 215 4057 manus
231 3999 286 4058 hoc
309 3982 417 4074 iecerit,
440 4001 585 4060 incertum
601 4009 654 4077 est,
677 4020 744 4060 nam
768 4001 932 4061 litterarum
952 4002 1060 4064 ductus
1081 4002 1178 4066 tenuis
