2970 4756
736 412 931 468 ,2-

301 608 499 684 polationibus
527 608 666 665 refertum
690 625 784 682 neque
813 607 869 664 nisi
898 607 928 663 in
957 607 1044 664 rebus
1068 607 1303 681 orthographicis
1326 606 1371 663 in-

302 716 484 790 spiciendum
507 732 572 772 esse
596 714 721 772 censuit.
770 714 870 789 Itaque
899 719 1037 789 quattuor
1065 713 1180 770 codices
1203 718 1287 770 antea
1318 717 1372 770 aut

302 822 417 896 ignotos
434 826 485 878 aut
501 821 652 895 neglectos
676 820 807 895 protulit.
832 838 906 895 quos
921 820 951 876 in
968 820 1041 876 duas
1066 819 1191 877 familias
1214 819 1371 891 distribuit,

302 947 426 1004 01011111
451 928 573 985 alteram
596 946 632 984 ex
656 927 755 985 codice
780 927 922 985 Vossiano
940 929 988 998 (sl)
1009 933 1038 984 ct
1061 927 1159 983 codice
1175 927 1371 983 Laurentiano

303 1035 360 1109 (dl,
383 1035 505 1092 alteram
529 1052 565 1090 ex
590 1033 793 1090 Dauentriensi
819 1034 869 1107 (n)
890 1039 921 1091 et
944 1032 1291 1090 Ottoboniano-Vaticano
1317 1033 1369 1106 (V)

303 1158 368 1198 esse
394 1140 583 1215 compositam
610 1140 638 1196 in
667 1140 840 1214 praefatione
867 1140 1010 1215 exposuit.
1042 1140 1066 1196 Ε
1094 1140 1200 1214 quihus
1228 1140 1369 1197 familiam

302 1247 360 1303 AF
392 1246 543 1311 meliorem
581 1246 656 1304 dixit
687 1265 779 1321 eaque
812 1247 920 1320 optime
958 1245 1083 1302 carmina
1117 1245 1250 1320 Properti
1286 1246 1371 1303 nobis

304 1359 418 1410 servata
449 1371 516 1410 esse
553 1353 664 1410 statuit.
720 1352 802 1410 Hauc
834 1351 989 1409 Baehrensi
1028 1352 1201 1408 sententiam
1237 1359 1372 1410 evertere

303 1461 478 1518 studuerunt
506 1460 550 1516 Fr.
582 1460 638 1516 Leo
669 1459 833 1533 (Vindiciae
857 1459 943 1533 Prop.
967 1459 1041 1515 llus.
1067 1459 1159 1516 eren.
1184 1458 1309 1516 XXXV.
1341 1478 1370 1534 p.

304 1568 478 1637 431—47),
502 1566 550 1640 qui
577 1565 666 1622 libros
690 1565 756 1622 illos
777 1565 817 1621 nil
839 1566 936 1622 valere
958 1572 990 1622 ut
1014 1566 1226 1622 denmnstraret
1251 1584 1371 1639 operam
1450 1577 1454 1583 '

301 1672 390 1744 dedit,
418 1678 447 1729 et
471 1672 502 1729 Ο.
528 1672 685 1728 Brandtius
709 1672 827 1747 (Quaest
857 1672 942 1746 l'rop.
969 1674 1073 1744 18811),
1105 1673 1154 1746 qui
1179 1671 1370 1746 Neapolitano

303 1780 365 1835 cod.
390 1779 517 1835 debitum
543 1779 683 1836 homnem
708 1779 830 1835 reddere
854 1778 973 1837 stmluit.
1007 1778 1065 1837 Sed
1089 1779 1118 1835 in
1143 1780 1245 1836 eodem
1263 1797 1371 1850 errore,

302 1902 359 1959 quo
384 1884 589 1957 Baehrensius
613 1885 656 1942 1111
681 1891 843 1958 versantur,
873 1886 923 1960 qui
948 1885 1041 1943 solnm
1067 1886 1157 1960 Neap.
1183 1887 1369 1961 sequentinm

302 2009 367 2048 esse
396 1997 500 2066 putant
528 1991 632 2048 ceteris
662 1993 797 2049 omnibus
827 1992 976 2049 codicibus
1005 1993 1161 2066 neglectis
1194 2012 1260 2049 nam
1290 1993 1370 2050 haud

303 2099 404 2173 paucis
434 2098 506 2154 locis
537 2097 626 2172 Neap.
659 2117 777 2172 pravam
810 2098 965 2156 lectionem
1003 2101 1140 2173 praebere
1171 2105 1282 2156 certum
1315 2104 1370 2156 est.

303 2203 403 2278 Itaque
426 2204 460 2260 A.
487 2203 637 2260 Palmerus
660 2204 689 2261 in
714 2205 840 2262 editione
870 2206 951 2263 18811
976 2205 1006 2261 111
1030 2204 1125 2262 lucem
1150 2205 1257 2262 emissa
1281 2205 1321 2261 ita
1340 2206 1377 2261 N

303 2310 366 2370 cod.
392 2317 509 2368 secutus
531 2317 582 2382 cst,
610 2316 643 2367 ut
666 2317 762 2368 tamen
786 2310 907 2368 aliorum
932 2312 1064 2368 codicum
1088 2312 1291 2368 auctoritatem
1311 2329 1371 2368 non

302 2434 421 2491 prorsus
454 2424 614 2491 sperneret.
666 2418 778 2475 Deinde
811 2419 848 2475 de
882 2418 928 2474 his
961 2419 1119 2475 Baehrensi
1153 2418 1303 2475 codicibus
1335 2417 1369 2475 u.

305 2523 477 2595 Sclbislryus
495 2524 549 2598 (De
572 2525 656 2582 codd.
679 2525 764 2599 Prop.
788 2526 858 2583 Jena
878 2527 983 2600 1882),
1008 2527 1040 2584 O.
1059 2526 1165 2583 Weber
1186 2526 1371 2600 (Programm

302 2630 355 2687 des
379 2630 693 2707 Realgymnasiumin
708 2632 811 2706 Hagen
839 2634 942 2706 1887),
966 2633 1015 2690 alii
1039 2633 1079 2690 ita
1100 2633 1309 2702 disseruerunt,
1335 2639 1371 2690 ut

302 2756 403 2797 omnes
418 2737 508 2814 Neap.
524 2738 598 2797 libro
614 2740 740 2814 primum
757 2742 854 2798 locum
870 2741 1058 2798 tribuendum
1073 2757 1139 2797 esse
1159 2739 1370 2813 consentirent3

302 2846 368 2917 sed,
410 2850 507 2902 utrum
546 2847 656 2904 farnilia
686 2848 744 2904 Al’
770 2867 806 2904 an
838 2847 902 2904 DV
928 2847 1088 2904 secundum
1128 2845 1224 2902 locum
1261 2850 1370 2918 teneat,

304 2953 463 3010 sententiae
488 2954 614 3011 virorum
644 2955 795 3012 doctorum
819 2955 994 3028 discrepant.
1041 2951 1103 3024 Qua
1133 2952 1169 3009 de
1196 2951 1372 3009 auctoritate

303 3059 437 3117 codicum
454 3066 486 3116 ut
509 3060 603 3117 denuc
624 3061 809 3136 inquirerem,
834 3056 972 3118 incitatus
996 3078 1060 3118 sum
1084 3059 1196 3117 duobus
1219 3057 1372 3116 codicibus

270 3178 272 3182 '
303 3184 394 3241 nuper
418 3167 548 3242 repertis,
565 3167 757 3225 Holkhamieo
775 3169 837 3226 333
856 3172 886 3224 et
909 3167 1054 3237 Lusatico,
1078 3167 1114 3224 de
1138 3183 1259 3240 «prorum
1277 3163 1372 3220 altero

302 3273 364 3347 egit
392 3273 569 3348 Postgateus
601 3273 816 3344 (Transactions
845 3275 874 3331 01
901 3274 950 3331 the
974 3273 1148 3347 Cambridge
1179 3271 1371 3345 Philologiral

303 3380 418 3453 Societp⁷
448 3383 531 3439 1894
559 3381 622 3439 Vol.
648 3382 698 3439 IV.
723 3399 790 3456 pars
812 3381 845 3452 l).
886 3381 986 3438 Codex
1015 3381 1092 3438 enim
1122 3385 1166 3437 est.
1190 3396 1265 3436 anno
1285 3379 1368 3435 1421

301 3494 440 3545 exaratus
464 3488 650 3562 continetque
674 3487 804 3562 Properti
829 3487 987 3545 carminaa
1010 3487 1095 3544 tertio
1121 3504 1206 3543 versu
1232 3485 1371 3543 carminis

303 3595 433 3652 vicesimi
467 3596 550 3670 primi
590 3595 654 3652 libri
695 3595 814 3652 secundi
848 3612 941 3669 usque
974 3593 1009 3650 ad
1043 3594 1132 3650 finem
1166 3592 1231 3648 libri
1265 3591 1371 3665 quarti.

304 3701 515 3759 Holkhamicus
538 3709 635 3759 autem
660 3701 827 3758 Florentino
852 3699 1019 3757 simillimus
1049 3699 1175 3756 familiae
1200 3698 1257 3755 AF
1277 3698 1372 3755 tribu-

301 3809 394 3867 endus
425 3817 479 3868 cst.
527 3810 570 3867 lle
598 3811 690 3867 altero
719 3814 816 3866 autem
845 3808 953 3879 codice,
986 3807 1132 3877 lusatiae,
1161 3807 1189 3862 in
1214 3806 1266 3875 cis,
1294 3823 1373 3879 quae

303 3923 477 3991 sequuntur,
512 3917 676 3973 accuratius
706 3920 824 3973 acturus
853 3933 927 3972 sum.
979 3914 1055 3969 Ante
1092 3911 1247 3968 nonnullos
1280 3929 1373 3970 annos

303 4023 379 4082 enim
405 4024 434 4081 in
458 4021 836 4095 1111111011011(1011111110,
861 4038 953 4080 novus
969 4020 1100 4096 Properti
1120 4018 1213 4078 codex
1237 4024 1371 4093 repertus
