2970 4756
630 395 851 456 „70-

208 589 336 651 correxit
359 590 395 664 is,
419 591 469 668 qni
493 591 628 651 hamulus
652 609 740 668 supra
762 610 781 650 u
800 591 932 651 vocalem
949 591 1056 669 posuit.
1103 592 1145 651 Ea
1159 610 1277 669 quoque

207 717 254 758 res
287 699 392 776 Peperi
431 699 592 758 sententiae
629 704 787 775 repugnat,
821 699 899 775 quod
934 699 949 758 Ι
985 701 1015 773 3,
1025 700 1065 759 25
1104 718 1121 758 9
1158 699 1276 759 librario

207 805 342 864 usitatior
370 801 464 864 torma
487 805 629 880 drryiebur
655 823 708 881 pro
736 805 875 880 turpibur,
907 805 938 864 id
966 806 1044 882 quod
1072 806 1159 865 metri
1187 824 1276 865 causa

209 912 381 989 postulatur,
404 913 435 970 in
458 917 626 971 contextum
650 917 770 988 recepta
792 917 845 971 est.

297 1018 431 1096 Denique
459 1020 592 1096 Peperus
620 1037 707 1078 suum
734 1019 771 1077 de
795 1020 822 1076 L
850 1019 950 1078 codice
977 1018 1117 1084 iudicium
1144 1020 1175 1078 in
1204 1021 1277 1079 11999

208 1127 269 1185 1919
297 1127 385 1185 verba
413 1125 550 1184 definivit
575 1126 603 1183 L
633 1125 719 1184 classi
747 1145 767 1183 x
796 1125 981 1184 inserendum
1009 1132 1099 1202 atque
1120 1106 1163 1184 ¹N
1183 1127 1277 1185 codici

209 1233 383 1292 auctoritate
399 1233 448 1292 vel
463 1251 564 1309 parem
580 1233 628 1291 vel
641 1237 837 1310 praestantem
856 1250 931 1292 esse.
977 1231 1061 1307 Quod
1081 1233 1278 1292 confidentius

210 1340 314 1416 Peperi
342 1339 484 1398 iudicium
511 1359 568 1398 non
596 1339 654 1398 nisi
677 1358 715 1398 ex
737 1346 821 1415 parte
846 1358 964 1416 sequor,
993 1345 1138 1416 exparte
1161 1359 1192 1399 19
1215 1340 1278 1418 ipsa

210 1451 329 1506 coactus
352 1445 501 1505 dissentio
547 1446 660 1505 Censeo
684 1447 761 1505 enim
778 1446 949 1505 Lusaticum
969 1447 1059 1507 simul
1075 1466 1114 1506 ex
1130 1467 1150 1505 x
1164 1453 1277 1510 textum

210 1553 358 1629 recepisse
389 1552 476 1610 simul
509 1571 546 1611 ex
575 1571 596 1627 y
628 1553 720 1611 multa
755 1553 785 1610 in
817 1571 884 1612 eum
924 1553 1005 1615 illata
1041 1572 1116 1613 esse.
1174 1555 1278 1631 Itaque

212 1661 313 1738 plures
329 1660 448 1736 quidem
466 1659 604 1718 lectiones
618 1677 703 1718 ueras
716 1659 746 1718 in
760 1660 787 1717 L
802 1678 891 1736 quam
907 1661 935 1717 in
951 1661 987 1719 N
996 1666 1113 1720 exstare
1129 1661 1277 1720 fatendum

211 1772 257 1827 est
280 1785 362 1840 sane3
386 1771 484 1825 19111911
508 1767 599 1825 1119191
620 1771 666 1825 911
688 1767 763 1826 fides
777 1766 972 1843 Neapolitani,
996 1768 1064 1844 quia
1080 1769 1129 1827 hic
1144 1773 1242 1828 sectae
1258 1789 1278 1827 x

212 1879 345 1933 naturam
361 1873 455 1949 magis
470 1874 614 1949 integram
629 1879 659 1932 91
674 1892 779 1950 puram
796 1874 931 1932 servavit,
978 1873 1115 1932 Ceterum
1127 1876 1280 1952 exemplar

213 1986 310 2041 sectae
333 2000 368 2054 x,
397 1999 435 2040 ex
462 1999 519 2057 quo
543 1981 570 2038 L
593 1981 705 2052 hausit,
736 1985 817 2039 certe
841 1981 1003 2056 perbonum
1026 1981 1149 2040 fortasse
1172 1981 1279 2041 melius

213 2108 262 2162 eo,
292 2108 351 2165 quo
374 2090 410 2148 N
427 2106 500 2147 usus
521 2093 574 2161 est,
599 2088 662 2162 tuit,
685 2088 761 2146 illud
789 2104 905 2164 quoque
931 2106 952 2163 y
979 2087 1110 2164 generis,
1146 2089 1225 2164 quod
1252 2090 1279 2146 L

215 2196 399 2273 propositum
418 2196 529 2265 habuit,
547 2213 592 2268 99,
610 2195 690 2272 quod
705 2195 770 2253 DV
781 2195 873 2254 secuti
886 2200 965 2269 sunt,
978 2195 1184 2257 auctoritatem
1198 2196 1278 2254 hand

213 2303 381 2362 inferiorem
404 2303 513 2362 habuit.
546 2302 639 2376 Quam
661 2303 698 2361 ad
721 2321 783 2361 rem
807 2303 862 2361 1199
883 2321 998 2379 quoque
1021 2303 1156 2379 pertinet.
1193 2303 1229 2362 In
1252 2305 1280 2362 L

213 2411 292 2469 enim
315 2410 404 2468 simili
436 2411 522 2469 modo
545 2415 635 2486 atque
657 2410 688 2467 in
718 2409 847 2467 111111
869 2409 965 2486 capite
987 2409 1052 2472 libri
1078 2410 1165 2486 primi
1188 2411 1280 2488 scrip-

213 2523 276 2575 tum
306 2517 453 2575 videmus:
496 2516 646 2592 Propertii
681 2516 799 2573 Aurelii
834 2521 923 2573 119919
959 2515 1138 2599 1199911191
1171 2516 1280 2592 Incipit

212 2624 342 2700 feliciter,
361 2642 427 2683 cum
444 2625 480 2682 N
489 2623 677 2700 inscriptione
698 2628 802 2682 careat.
833 2623 936 2698 ltaque
951 2623 977 2680 L
996 2621 1082 2680 valde
1098 2622 1195 2681 firmat
1214 2641 1280 2682 sen-

214 2731 344 2804 tentiam,
359 2749 435 2806 quae
451 2731 517 2805 init,
533 2730 608 2788 illud
622 2730 812 2802 Mmicbiblm,
828 2730 907 2806 quod
923 2735 1020 2789 exstat
1034 2729 1064 2787 in
1080 2730 1279 2806 inscriptione,

160 2843 168 2851 '
214 2855 390 2915 quamquam
422 2838 458 2895 N
486 2855 520 2895 ea
554 2842 644 2911 caret,
684 2837 837 2913 antiquum
867 2842 955 2913 atque
983 2837 1144 2912 genuinum
1173 2837 1280 2915 91191).

214 2943 360 3003 Extiterat
383 2943 497 3002 scilicet
520 2944 552 3001 in
574 2962 602 3017 y.

304 3051 423 3110 Certum
441 3050 533 3125 igitur
551 3055 598 3109 911
613 3085 654 3092 -
671 3068 759 3126 quam
776 3049 951 3109 sententiam
966 3051 1099 3127 Properti
1118 3051 1280 3111 editoribus

213 3156 405 3233 reputandam
433 3157 697 3215 commendaverim
722 3192 762 3201 —
787 3156 881 3229 illum,
906 3157 955 3233 qui
979 3162 1081 3216 textus
1105 3157 1280 3216 restituendi

214 3263 434 3322 tundamentum
457 3264 488 3321 in
512 3264 547 3322 N
565 3270 595 3322 et
618 3265 645 3321 L
668 3263 818 3322 codicibus
837 3263 928 3339 ponit,
953 3264 1013 3322 tere
1029 3281 1146 3340 semper
1160 3265 1279 3337 habere,

214 3370 291 3448 quod
315 3370 453 3443 sufficiat,
484 3389 578 3448 neque
601 3370 658 3428 nisi
687 3370 835 3428 nonnullis
858 3370 940 3442 lucie,
965 3370 1015 3429 ubi
1037 3370 1065 3427 L
1083 3375 1112 3429 et
1127 3370 1164 3428 N
1172 3376 1279 3444 errant,

213 3476 249 3534 ad
278 3477 342 3535 DV
364 3476 499 3535 codicum
529 3476 670 3535 lectiones
698 3477 853 3535 decurrere
882 3477 996 3536 debere.
1049 3475 1132 3550 Quod
1159 3477 1279 3553 quidem

213 3584 274 3643 1919
303 3602 361 3642 999
390 3583 499 3642 accidit
526 3584 581 3642 nisi
618 3583 678 3642 illis
712 3584 799 3656 locis,
833 3585 882 3642 nbi
913 3585 949 3642 N
971 3584 1057 3661 plane
1085 3584 1195 3644 deficit.
1242 3585 1279 3643 Hi

214 3696 313 3748 autem
337 3695 404 3748 sunt
427 3690 493 3749 loci.

305 3933 325 4000 1)
346 3936 382 3988 91.
401 3934 473 4003 Birt,
493 3935 1015 4006 Αη111191Β11911119191111414199,
1035 3941 1064 3990 91
1077 3936 1154 3990 Β911.
1174 3937 1278 3992 Philol.

214 4021 455 4076 Wochenschrift
476 4027 543 4076 1898
563 4041 591 4094 p.
612 4027 689 4076 1291.
