2970 4756
545 413 742 474 ..9-

112 617 143 671 et
163 631 217 688 per
231 631 262 670 oe
277 631 310 670 oc
326 625 340 695 ξ
357 611 531 685 scribuntur,
545 611 652 670 deinde
665 611 735 680 dne,
748 612 852 684 demta,
864 612 980 671 dentiam
991 639 1031 663 =
1042 612 1178 670 dominae

113 719 196 776 iuxta
213 718 399 794 reperiuntur
413 718 575 794 eodemque
591 719 676 776 modo
690 719 748 776 sibe
765 724 794 777 et
806 719 892 777 verba
904 719 1028 795 aliaque.
1053 718 1178 776 Gravius

113 827 176 883 hoo.
230 823 355 883 Omnino
391 825 470 882 enim
501 825 740 900 compendiorum
771 843 841 883 usus
873 825 970 882 minus
1001 826 1101 883 creber
1132 831 1178 884 est

112 950 208 1007 neque
232 932 407 1008 plerumque
431 932 484 990 nisi
509 932 623 990 duabus
647 932 684 990 de
708 932 805 990 causis
829 932 1014 990 adhibentur.
1049 932 1177 1005 Quarum

113 1038 206 1113 prima
238 1043 285 1096 est
320 1038 407 1114 spatii
438 1037 542 1113 inopia.
595 1038 698 1114 Itaque
728 1044 780 1097 aut
810 1039 840 1096 in
869 1039 960 1097 initiis
991 1039 1175 1114 singulorum

113 1145 285 1217 carminum,
318 1145 368 1203 ubi
397 1145 510 1203 litterae
538 1144 665 1203 initiales
698 1147 826 1220 spatium
856 1164 992 1220 magnum
1022 1147 1179 1204 absorbent

113 1258 170 1323 aut,
199 1252 291 1310 sicubi
321 1253 418 1310 vorbis
447 1252 521 1310 falso
550 1251 667 1328 scriptis
695 1271 797 1310 versus
816 1235 966 1311 'exuberat
995 1252 1179 1328 spatiumque

113 1359 297 1417 contrahitur
333 1366 363 1417 et
399 1359 561 1418 litterarum
602 1360 753 1434 angustiae
792 1365 964 1431 nascuntur,
1005 1359 1179 1434 compendia

114 1467 311 1525 cumulantur.
359 1467 465 1525 Prioris
492 1467 534 1525 rei
565 1467 706 1542 optimum
735 1473 780 1524 est
807 1468 972 1543 exemplum
997 1466 1109 1524 initium
1134 1485 1179 1525 se-

114 1572 202 1629 cundi
227 1573 307 1631 libri:

277 1685 402 1839 Oueit’
427 1779 475 1836 un*
505 1747 526 1840 1l
551 1774 648 1838 tocies
666 1779 792 1838 scribat*
814 1774 918 1837 amoes

331 1885 385 1943 Vu'
411 1885 465 1943 me'
490 1888 589 1944 ueniat
613 1885 692 1943 moll’
714 1897 728 1945 ῑ
752 1904 801 1943 ora
826 1885 901 1944 liber

327 2018 393 2076 Non
417 2019 446 2076 h'
471 2019 594 2094 calliope
618 2031 657 2078 no
685 2021 717 2077 lrc
742 1987 764 2080 i]
788 2026 871 2079 catat
889 2020 1006 2096 appollo

326 2126 454 2200 lugeniir
480 2126 545 2183 nob'
569 2130 619 2202 ipa
643 2126 742 2202 puella
767 2128 836 2186 lacit

116 2249 222 2307 deinde
258 2255 289 2307 ut
323 2251 445 2308 alterius
480 2269 596 2326 ‹prorpre
632 2252 673 2309 rei
708 2252 875 2327 exemplum
909 2253 1044 2321 afferam,
1081 2252 1182 2311 videas

116 2355 138 2413 Ι.
165 2358 259 2427 3,13:

204 2463 241 2521 ut
279 2459 416 2539 rpramuis
439 2464 548 2539 duplici
582 2471 745 2540 correptum
784 2471 922 2542 correpto
956 2467 1044 2524 arrloc
1080 2467 1180 2524 iubent

115 2623 251 2682 Ceterum
268 2625 436 2683 notissimae
452 2625 521 2682 illae
539 2625 660 2684 voculae
676 2632 701 2684 et
712 2629 787 2685 :u
804 2648 836 2706 ‘It
850 2654 890 2678 =
902 2647 974 2703 praee
998 2646 1059 2702 pare,
1082 2627 1128 2702 «μί’
1138 2652 1179 2676 =

116 2731 201 2805 qood,
225 2732 298 2806 fl:
310 2751 398 2806 poton
423 2732 539 2807 aliaque
555 2732 728 2808 saepissime
751 2752 805 2809 per
818 2735 989 2809 compendia
1005 2734 1180 2793 scribuntur.

116 2837 228 2909 Quibus
259 2839 296 2896 de
328 2840 415 2896 rebus
444 2838 547 2913 Peperi
578 2841 754 2898 senteutiam
785 2847 893 2899 rectam
923 2860 989 2900 esse
1019 2847 1099 2917 puto,
1129 2841 1179 2916 qui

114 2945 243 3002 affirmat
272 2945 300 3001 in
330 2945 402 3003 libro
437 2964 524 3021 quem
553 2948 711 3022 exscripsit
745 2947 894 3006 librarium
925 2948 1095 3024 compendia
1124 2966 1180 3006 non

116 3052 207 3109 multa
231 3052 377 3109 iuvenisse
402 3070 504 3128 nequo,
529 3053 583 3110 nisi
609 3072 729 3111 necesse
753 3055 850 3126 fucrit,
873 3073 906 3112 ea
930 3055 1073 3113 intulisse.

204 3177 383 3252 Saepissime
413 3177 470 3234 duo
503 3179 590 3235 rerba
621 3178 649 3235 in
678 3196 769 3235 unum
802 3178 877 3236 falso
905 3184 1052 3238 contracta
1080 3184 1180 3255 postea

116 3283 240 3357 virgulis
263 3283 442 3342 dividuntur.
472 3283 535 3356 Qua
559 3284 587 3341 in
605 3303 635 3341 re
659 3284 805 3342 interdum
822 3292 899 3343 errat
918 3286 952 3358 is,
976 3289 1026 3362 qui
1051 3286 1181 3360 virgulas

116 3390 222 3464 posuit,
236 3397 268 3448 ut
280 3390 332 3449 IV.
347 3392 395 3463 lo,
405 3392 455 3463 2o,
470 3391 517 3447 ubi
529 3391 710 3448 ilbrnmrbuu
723 3408 826 3449 nomen
840 3393 990 3468 proprium
1002 3392 1030 3449 in
1042 3393 1156 3450 Nomen
1168 3387 1182 3470 s

116 3501 179 3553 torn
195 3497 350 3555 dirimitur.
375 3498 487 3555 lleirule
504 3498 639 3556 librarius
661 3517 748 3574 saepe
771 3504 801 3556 et
824 3499 882 3557 (luo
907 3500 993 3557 verba
1017 3518 1181 3574 perunum

115 3603 241 3678 scripsit,
265 3610 298 3661 ut
312 3605 387 3662 falsa
403 3604 489 3663 leotio
509 3606 621 3677 evadat,
638 3611 671 3663 ut
688 3605 710 3663 1.
731 3608 779 3678 11,
791 3607 827 3664 17
858 3607 933 3663 Ante
954 3623 1007 3681 pro
1028 3608 1078 3663 Aa
1102 3611 1135 3679 te,
1158 3606 1181 3663 l.

119 3711 216 3782 lo,22
234 3711 365 3786 Intcpt'do
378 3729 429 3786 pro
451 3712 487 3769 In
504 3712 604 3786 tepula,
621 3711 661 3771 Il.
679 3713 729 3785 253
741 3714 781 3770 30
807 3713 929 3770 Irrtooito
949 3731 1002 3787 pro
1027 3712 1063 3770 Io
1086 3712 1180 3781 tacito,

115 3815 169 3876 lll.
182 3819 258 3884 olo
277 3818 438 3875 liranis-erbe
449 3837 502 3893 pro
515 3818 552 3875 In
565 3819 687 3875 irrisores
704 3823 733 3876 et
751 3837 841 3876 urunn
859 3838 912 3894 per
928 3819 987 3877 diro
1003 3824 1035 3876 ut
1047 3819 1068 3877 Ι.
1084 3821 1180 3891 1635

118 3923 170 3980 Sol
192 3943 209 3979 n
238 3943 290 3999 pro
310 3925 386 3996 Solu,
407 3924 458 3983 IV.
476 3929 505 3996 4,
518 3927 555 3983 91
584 3925 617 3982 Iu
636 3925 726 3998 pestis
744 3943 796 3999 pro
813 3925 945 3998 Inposita.

205 4030 301 4088 Aliam
324 4049 441 4108 «proque
465 4031 675 4108 proprietatem
698 4031 827 4089 Lusatici
852 4032 980 4109 Peperus
1009 4033 1047 4090 aul
1072 4038 1178 4090 statum
