2970 4756
630 405 849 462 ,ffl-

207 602 236 661 Il
264 603 366 675 32,59
395 602 483 672 darre,
520 601 564 658 Ill
594 601 671 674 3,32
699 618 852 673 perperam,
886 599 931 656 Ill
961 602 988 672 5,
999 601 1040 656 24
1069 598 1215 673 Sper-serit
1239 604 1273 670 et,

207 709 252 767 ΙΙΙ
284 710 381 780 13,24
410 708 554 779 calendae,
584 707 629 764 lll
659 708 759 778 21,19
789 706 898 781 lpclteo,
928 706 969 763 IV
999 707 1079 774 4‚55
1103 705 1272 779 portentae,

209 816 251 874 IV
276 817 352 888 5,21
380 816 583 875 ‹Ioroaontuna
608 814 648 871 IV
677 816 732 886 7,8
758 813 894 884 Eosdern,
923 812 966 869 Ν
992 814 1068 884 7,33
1098 811 1273 886 leporinam,

207 923 249 980 Ν
275 926 353 997 7,57
379 923 559 997 clplenreslre.

295 1029 428 1088 Fortasse
464 1029 553 1086 etiam
588 1027 717 1086 arbitrari
755 1044 915 1103 possumus
950 1027 977 1084 L
1015 1025 1124 1083 codicis
1163 1027 1272 1082 fontem

208 1137 397 1196 vetustiorem
416 1137 509 1193 luisse
530 1138 610 1193 tonte
625 1135 661 1192 N
671 1135 790 1206 coelicis,
815 1141 847 1191 ut
866 1134 896 1190 in
913 1152 947 1191 eo
963 1134 1114 1191 ambarum
1134 1132 1272 1190 classium

207 1263 227 1300 x
256 1249 285 1302 et
315 1263 335 1317 p
369 1243 526 1318 peculiaria
561 1242 690 1299 nonduin
728 1246 861 1316 separata
897 1240 1012 1297 luerint.
1065 1239 1131 1297 Non
1163 1239 1272 1297 multae

208 1351 325 1426 quidem
350 1351 401 1408 sed
426 1349 582 1406 nonnullae
605 1355 701 1406 tamen
725 1348 866 1405 lectiones
891 1347 1013 1422 proferri
1038 1354 1170 1421 possunt,
1199 1363 1272 1422 quae

206 1458 241 1516 ad
257 1459 333 1516 hanc
348 1457 525 1515 sententiani
541 1457 717 1513 firmandam
743 1454 866 1527 ualeant,
892 1455 917 1511 L
933 1455 1107 1512 vetustiores
1131 1455 1273 1512 lectiones

207 1583 293 1641 quam
317 1568 430 1622 eeteros
454 1563 571 1621 codices
587 1580 722 1620 servasse
740 1567 785 1618 ut:
810 1561 840 1618 II
864 1563 941 1632 31‚5
968 1562 1110 1636 scriptum
1137 1561 1272 1618 videmus

207 1671 236 1729 in
260 1673 285 1728 L
309 1671 436 1746 quidem,
461 1671 489 1727 in
514 1670 575 1727 Nl'
593 1670 734 1744 rpairleru,
759 1668 790 1725 in
814 1668 843 1724 Ι)
851 1668 877 1724 V
895 1667 1000 1725 arderia
1048 1667 1139 1725 Plane
1163 1674 1271 1726 rectam

209 1778 326 1854 quidem
351 1778 500 1836 lectionem
526 1777 606 1833 nullo
630 1777 659 1833 in
680 1776 779 1833 codice
802 1775 976 1847 invenimus,
1006 1774 1057 1832 sed
1081 1774 1221 1849 optimam
1246 1775 1273 1832 L

211 1886 337 1960 praehet,
361 1885 447 1943 cuius
471 1885 499 1940 in
524 1884 646 1940 lectione
670 1883 840 1957 genuinum,
864 1882 942 1957 quod
967 1889 1013 1938 est
1036 1881 1166 1955 paridem,
1190 1881 1269 1939 latet.

210 1992 322 2050 Deinde
346 1991 391 2049 III
416 1994 444 2064 3,
459 1993 492 2048 ll
521 1991 544 2046 L
574 1990 725 2064 archetypi
754 1989 929 2064 scripturam
954 2006 1087 2046 servasse
1112 1988 1270 2046 verisimile

208 2105 260 2173 est,
288 2119 355 2158 oum
385 2099 473 2156 lueres
501 2098 645 2169 exhibeat,
673 2116 728 2172 qua
757 2098 788 2154 in
816 2097 942 2155 lectione
971 2098 1117 2155 consentit
1144 2116 1211 2155 cum
1235 2097 1270 2155 H.

207 2205 280 2264 Nam
303 2205 373 2282 quin
398 2205 432 2262 an
459 2205 534 2262 hanc
558 2205 620 2262 Lll
638 2204 792 2261 lectionem
816 2204 908 2276 lorice,
937 2205 1016 2279 quod
1039 2205 1075 2262 N
1092 2205 1217 2276 exhibet,
1241 2209 1271 2262 et

209 2313 328 2384 ulcerea,
364 2313 442 2388 quod
477 2312 506 2368 in
537 2311 600 2368 DV
626 2311 764 2386 scripturn
812 2311 959 2384 videmus,
995 2312 1166 2369 referendae
1202 2312 1270 2383 siut,

208 2420 328 2477 dubium
366 2437 423 2476 non
461 2425 507 2476 est
544 2419 686 2493 facileque
722 2418 905 2492 explanatur.
961 2418 1120 2476 Florentini
1156 2436 1271 2494 quoque

207 2526 316 2584 codicis
347 2525 502 2582 lectionem
534 2525 608 2581 loros
640 2543 695 2581 non
726 2524 882 2598 genuinam
916 2525 967 2582 setl
999 2544 1052 2599 per
1074 2531 1270 2583 correcturam

210 2638 299 2690 ortam
334 2650 400 2690 esse
440 2633 589 2689 eontenrlo.
648 2632 741 2690 Simili
781 2632 865 2689 morlo
901 2632 945 2689 ΙΙΙ
984 2634 1062 2703 18,Ῡ
1100 2633 1126 2689 L
1161 2632 1273 2690 codicis

957 2716 964 2754 r

210 2777 360 2835 lectionem
377 2777 439 2833 buin
455 2776 578 2851 priorem
602 2793 668 2832 esse
692 2776 835 2850 scriptura
853 2776 888 2833 N
898 2776 961 2846 liupo
977 2780 1007 2831 et
1023 2775 1054 2832 N
1074 2775 1134 2831 hate
1157 2780 1269 2832 certum

210 2889 261 2941 est.
302 2883 413 2940 lleinrle
432 2884 455 2939 L
472 2901 509 2939 ex
525 2883 680 2940 vetustiore
706 2884 783 2940 fonte
807 2883 931 2940 fluxisse
955 2883 1009 2939 hac
1026 2883 1174 2951 lectioneS,
1198 2900 1272 2957 quas

207 3008 284 3048 nune
299 2989 402 3064 paucis
419 2989 570 3063 attingam,
586 2989 713 3047 inilioarc
730 2990 873 3047 videntur.
904 2989 977 3046 Narn
993 2989 1006 3045 l
1023 2990 1075 3060 9,l
1120 2989 1272 3046 stituerunt

208 3097 348 3170 scripturn
367 3095 502 3152 ridemus
519 3095 547 3151 in
567 3096 600 3166 L,
620 3113 706 3170 quim
723 3095 938 3167 allationem,
955 3096 983 3152 iu
1001 3096 1078 3170 quorl
1097 3117 1122 3174 φ
1139 3097 1273 3170 praehet,

206 3202 356 3258 corrnerunt
388 3203 412 3257 A
447 3202 600 3258 munierint
632 3201 703 3273 NV,
740 3202 867 3276 respicit.
921 3202 1025 3277 ltaque
1060 3203 1086 3259 L
1122 3203 1271 3278 archetypi

206 3309 378 3384 scripturam
412 3325 545 3365 servasse
577 3313 655 3382 puto,
687 3327 753 3365 curn
786 3309 955 3381 ruirrneruri,
985 3309 1060 3384 quorl
1087 3309 1122 3366 N
1144 3310 1273 3381 exhibet,

206 3420 307 3488 postea
332 3422 427 3471 ortum
452 3415 497 3471 sit.
537 3415 613 3472 Item
637 3415 650 3472 l
677 3416 754 3486 2er
775 3415 970 3488 Lgenuinam
996 3415 1148 3491 archetypi
1172 3416 1273 3474 lectio-

207 3539 270 3578 nem
303 3521 429 3593 trarlirlit,
459 3541 525 3578 eum
558 3522 672 3578 nn'rruis
701 3522 824 3596 (tuluppe
859 3522 885 3578 Γ
908 3541 965 3596 rap.
989 3542 1018 3579 an
1051 3523 1082 3596 2)
1113 3523 1271 3596 exhiberet,

206 3629 283 3702 quorl
307 3628 423 3703 quillern
442 3635 539 3703 postea
559 3629 586 3685 in
604 3629 717 3685 ruiru'us
734 3630 863 3686 rarlcntlo
887 3631 1015 3687 correxit
1039 3631 1116 3704 (virle
1134 3631 1192 3688 tab.
1212 3631 1272 3706 Vl),

208 3734 277 3792 item
303 3735 331 3792 ll
360 3738 458 3805 raes
479 3736 580 3810 pr'llrij,
606 3736 633 3792 ll
660 3738 739 3807 ΞΜ
760 3757 883 3811 perrara>
908 3736 953 3816 (II
971 3738 997 3794 V
1015 3757 1044 3793 ru
1063 3740 1102 3812 2),
1128 3737 1168 3794 Ν
1194 3741 1272 3809 8,39

206 3840 386 3898 clrorulr'strin
410 3843 520 3925 priores
537 3842 677 3899 lectiones
697 3863 784 3919 quam
801 3843 1013 3919 Neapolitanus
1030 3845 1121 3903 eotlex
1136 3847 1273 3904 ostendit.

209 3947 319 4004 lleinrle
350 3948 394 4005 lll
421 3951 475 4018 aa
511 3949 534 4005 L
564 3949 712 4006 rnelioreru
750 3951 902 4008 lectionem
936 3952 1067 4021 exhihet,
1108 3953 1162 4010 hoo
1194 3953 1272 4010 eninr

143 4106 147 4113 .
207 4053 270 4114 loco
300 4055 382 4113 Nora
413 4056 443 4113 in
471 4075 491 4113 x
522 4057 645 4129 exstitit,
678 4059 757 4134 quod
787 4059 821 4116 N
847 4059 920 4117 falso
948 4077 1001 4136 per
1028 4060 1098 4118 Non
1121 4060 1272 4138 explicuit,
