2970 4756
721 467 940 528 -66-

385 664 416 722 Π
442 665 520 736 13,7
546 682 656 737 mayaco
678 682 732 739 pro
755 664 852 738 acopis
871 665 901 722 in
918 665 944 722 L
961 665 1125 724 exhibetur.
1170 667 1234 724 Hoc
1250 685 1367 742 quoque

297 771 361 830 1000
385 770 620 829 emendationem
645 771 767 829 libidine
791 772 896 829 factam
918 772 1084 830 iudicemus
1100 791 1222 831 necesse
1238 792 1297 831 non
1313 780 1367 847 est,

297 896 365 936 nam
399 884 518 954 propter
553 878 771 936 similitudinem
808 879 968 937 litterarum
1003 880 1112 938 librarii
1146 899 1227 939 error
1258 882 1366 939 exoriri

297 985 401 1060 potuit.
449 985 558 1043 Tamen
587 984 649 1042 fieri
673 986 778 1061 potuit,
805 993 839 1042 ut
862 986 997 1044 librarius
1020 987 1155 1045 consulto
1180 988 1235 1046 1100
1258 1007 1368 1062 11109011

298 1097 428 1166 poneret,
458 1096 492 1148 ut
522 1092 641 1150 haberet
671 1092 862 1166 adiectivum,
896 1094 975 1168 quod
998 1094 1036 1151 ad
1059 1094 1177 1168 00011110
1201 1094 1367 1169 pertineret.

386 1216 534 1274 Hactenus
558 1216 678 1291 quidem
702 1217 740 1274 de
759 1217 857 1274 dubiis
873 1217 959 1291 locis;
985 1237 1062 1275 nunc
1078 1219 1235 1276 nonnullae
1250 1225 1369 1295 apertae

299 1321 538 1399 interpolationes
566 1323 733 1380 tractandae
762 1329 840 1380 sunt.
898 1322 928 1380 lI
959 1325 1037 1391 l,5l
1072 1323 1106 1381 sa·
1135 1323 1369 1399 interpolationis

299 1429 426 1504 speciem
463 1430 593 1504 praebet,
630 1448 695 1486 nam
731 1430 757 1486 L
791 1430 871 1487 solus
905 1431 980 1487 banc
1003 1448 1103 1488 vocem
1136 1431 1165 1487 in
1197 1435 1368 1488 contextum

301 1535 418 1610 recepit,
442 1553 509 1592 cum
537 1514 599 1604 serr,
623 1536 698 1610 quod
727 1535 816 1593 ceteri
841 1537 989 1610 praebent,
1014 1537 1186 1611 postuletur,
1211 1537 1371 1610 respondet

300 1642 379 1699 onim
402 1660 454 1698 sea
477 1645 507 1698 in
532 1660 556 1699 u.
582 1643 620 1698 51
647 1641 707 1698 illis
731 1661 781 1698 sau
806 1647 836 1699 et
859 1642 919 1699 siva
942 1642 970 1699 in
997 1661 1021 1699 v.
1047 1617 1086 1699 53
1112 1643 1225 1717 positis

389 1766 434 1824 111
469 1767 548 1837 18,4
580 1770 686 1823 straete
717 1783 769 1841 pro
800 1770 908 1822 structa
939 1767 1081 1842 scriptum
1115 1767 1260 1840 ridemuS,
1293 1787 1371 1842 quae

302 1890 488 1966 interpolatio
529 1889 642 1948 facilem
687 1890 774 1947 habet
814 1890 1051 1965 explicationem.
1114 1890 1262 1949 Librarius
1291 1893 1371 1949 enirn

301 1997 428 2054 litteram
458 2014 477 2052 a
506 2014 558 2072 pro
590 2015 611 2052 a
641 1996 716 2053 falso
747 1996 875 2072 scripsit,
908 1997 1023 2070 deinde,
1055 2007 1208 2073 postquam
1240 2017 1370 2056 errorem
1414 2067 1417 2072 ,

303 2103 454 2170 intellexit,
479 2103 575 2160 locum
600 2103 640 2160 ita
663 2103 838 2176 emendavit,
863 2110 895 2161 ut
918 2123 932 2160 c
955 2104 1084 2161 litteram
1104 2112 1312 2180 suppungeret,
1339 2114 1371 2163 ut

301 2211 349 2268 au'a
372 2215 463 2267 strata
487 2210 699 2268 restitueretur.

393 2334 436 2392 Ν
463 2337 489 2406 l,
501 2337 540 2393 65
569 2335 744 2392 &credentes
773 2335 835 2392 usa's
858 2335 886 2391 si
902 2336 970 2409 pais
1048 2335 1106 2393 Cur
1121 2336 1258 2393 librarius
1274 2336 1372 2411 siquis

302 2478 354 2534 pro
387 2459 537 2534 0111001110,
573 2459 650 2535 quod
683 2460 793 2535 optime
824 2461 924 2520 sensui
957 2461 1105 2532 convenit,
1140 2459 1169 2516 in
1199 2466 1371 2518 contextum

302 2566 457 2641 receperit,
489 2568 576 2641 plane
606 2567 762 2623 obscurum
793 2572 846 2624 est.
900 2566 957 2624 Sed
989 2567 1044 2625 boc
1075 2568 1136 2624 lere
1167 2546 1252 2624 niodo
1282 2566 1372 2624 inter·

302 2671 480 2746 potationem
509 2679 639 2729 exortam
668 2690 734 2730 esse
763 2678 841 2748 puto.
888 2673 1037 2731 Librarius
1065 2674 1144 2730 eninr
1173 2674 1203 2731 in
1232 2674 1372 2732 memoria

303 2778 421 2835 tenebat
453 2796 570 2835 versum
602 2778 683 2835 illum
708 2778 751 2835 Ν
778 2781 878 2850 1,]25
913 2779 1140 2854 Scarrderrtisque
1170 2780 1256 2850 arisi,
1292 2781 1371 2856 quod

302 2884 519 2941 demonstratur
543 2903 613 2942 vore
634 2885 697 2941 osis
720 2885 795 2943 falso
819 2886 922 2960 positu.
947 2904 1021 2961 quae
1045 2905 1061 2943 a
1085 2886 1201 2943 librario
1217 2887 1280 2962 ipso
1294 2887 1373 2945 inter

302 2992 488 3050 scribendum
517 2992 612 3050 deletu
639 2998 692 3050 est.
740 2993 853 3051 Deinde
875 3012 912 3051 ex
936 2993 1011 3050 uslai
1033 2993 1147 3067 syllaba
1172 2993 1274 3051 ultima
1297 2995 1326 3051 sa'
1344 2996 1372 3051 in

302 3105 472 3179 contextum
500 3099 654 3174 irrepsisse
678 3107 707 3156 et
731 3099 817 3157 metri
840 3119 928 3158 causa
952 3100 994 3157 nil
1018 3100 1073 3158 nisi
1096 3101 1176 3176 prior
1198 3118 1267 3174 pars
1292 3103 1373 3158 vocis

302 3206 425 3280 pirisque
448 3224 465 3262 a
489 3205 606 3263 librario
631 3206 725 3280 posita
750 3225 817 3264 esse
841 3207 966 3264 videtur.

391 3329 435 3388 Ν
461 3332 540 3402 8,69
569 3331 775 3406 interpolatum
807 3349 874 3390 esse
905 3339 1017 3390 certum
1048 3339 1106 3404 est,
1137 3333 1185 3390 ubi
1203 3337 1373 3407 prostratus

303 3455 354 3514 pro
377 3442 544 3512 protractas
572 3438 601 3493 in
630 3446 768 3496 contextu
796 3439 952 3496 invenitur.
1004 3437 1083 3510 Quae
1112 3444 1291 3511 correctura,
1320 3457 1371 3497 cur

302 3547 378 3603 facta
404 3544 451 3616 sit,
475 3545 561 3619 plane
585 3544 737 3602 diiudicari
762 3563 819 3602 non
843 3553 949 3620 potest.
999 3545 1064 3603 Nisi
1090 3547 1212 3603 fortasse
1235 3544 1374 3603 librarius

299 3659 466 3727 prostratus
490 3652 607 3726 recepit,
631 3652 708 3727 quod
733 3653 868 3708 Eruitur·
884 3672 954 3711 voce
971 3653 1028 3710 iam
1045 3653 1154 3710 dictum
1173 3670 1239 3711 esse
1255 3659 1374 3728 putaret

304 3759 489 3833 Lygdamum
529 3778 565 3817 ex
603 3759 724 3817 latibulo
757 3764 937 3833 protractior
975 3749 1049 3816 esse}
1105 3759 1214 3817 Deinde
1250 3760 1374 3818 tortasse

303 3865 436 3935 arlorare,
473 3866 502 3922 id
541 3867 619 3942 qruul
655 3866 801 3942 sequitur,
834 3865 889 3922 hac
928 3883 997 3922 voco
1031 3871 1199 3939 prostratus
1231 3865 1373 3924 illustrari

304 3971 461 4029 arbitratus
495 3979 556 4041 est,
595 3973 837 4046 queruloquidum
880 3972 1031 4049 supplices
1065 3972 1100 4029 ad
1137 3973 1243 4048 pedes
1261 3992 1375 4047 eorum,

304 4093 378 4152 quos
400 4077 598 4148 obsecrabant,
622 4075 717 4134 iacere
741 4077 881 4136 solebant.
