2970 4756
639 406 862 464 ..69-

211 597 385 675 caudaeque
413 599 456 657 rei
484 617 573 658 causa
601 599 684 658 addit
711 599 861 660 librarium
886 602 912 659 L
935 601 1043 661 codicis
1073 602 1203 661 habitum
1234 620 1284 661 ex·

212 709 332 764 ternum
355 706 504 765 codicibus
528 707 608 764 illius
631 707 771 782 temporis
794 709 1015 784 accommodare
1040 710 1175 768 voluisse.

304 866 417 939 Restat,
456 872 489 925 ut
521 867 717 926 deliberemus
752 867 854 925 dell
887 869 1003 942 22,50,
1042 887 1129 945 quem
1162 887 1280 929 versum

211 974 346 1050 Peperus
362 974 439 1049 (pag.
459 973 510 1049 13)
525 978 733 1048 argumentum
749 974 908 1032 maximum
923 976 1018 1050 affert,
1038 995 1095 1052 quo
1112 977 1284 1062 Lusaticum

212 1099 253 1140 ex
280 1099 337 1139 uno
365 1081 461 1139 solum
489 1082 569 1139 fonte
598 1085 694 1139 ortum
723 1099 788 1139 esse
818 1081 935 1140 efficiat.
991 1082 1178 1168 Inquiramus
1206 1067 1284 1142 buno

211 1187 245 1246 in
268 1205 392 1247 versum.
439 1188 475 1246 N
492 1188 586 1246 codex
606 1193 701 1246 totum
718 1205 834 1245 versum
852 1188 950 1246 omisit
965 1189 1151 1265 traditurque
1167 1185 1283 1248 diverso

213 1294 301 1353 modo
317 1314 334 1352 a
349 1294 470 1370 reliquis
485 1294 643 1367 codicibus,
668 1312 736 1352 nam
759 1294 851 1362 Quem
868 1313 940 1370 quoe
955 1295 1027 1352 scire
1044 1296 1133 1364 lineet,
1151 1292 1284 1371 quaerere

211 1400 279 1476 fote
305 1400 381 1458 iubet
417 1406 447 1458 et
476 1401 503 1456 V
520 1420 551 1457 ne
576 1402 597 1457 2
620 1405 649 1458 et
672 1401 703 1458 F
720 1420 752 1457 m
775 1404 790 1458 l
813 1401 961 1476 exhibent,
994 1402 1059 1459 DV
1077 1402 1156 1471 Qum
1172 1420 1284 1479 quoque

212 1507 287 1565 sce're
310 1508 399 1579 timet,
428 1526 562 1582 quaerere
579 1507 670 1582 plenu
693 1508 779 1580 fiebat,
804 1508 973 1584 exquibus
997 1509 1086 1566 variis
1110 1509 1284 1568 lectionibus

212 1612 390 1687 Solbiskyus
413 1614 442 1671 in
467 1614 675 1672 dissertatione
700 1616 737 1690 (p.
760 1614 834 1690 180)
859 1633 976 1673 versum
1006 1614 1146 1674 restituit:
1192 1614 1284 1684 Quem

212 1738 288 1796 quoe
298 1721 370 1778 seire
382 1721 470 1794 timet,
481 1739 614 1796 quaerere
624 1721 716 1794 pluro
729 1721 813 1778 iubet.
837 1721 950 1779 Eodem
959 1727 1059 1780 autem
1069 1723 1154 1779 modo
1165 1711 1283 1780 versum

211 1827 243 1885 in
256 1827 283 1884 L
295 1827 394 1885 codice
406 1827 570 1885 exhibitum
582 1827 722 1900 videmus,
735 1846 803 1884 nam
816 1827 890 1884 illud
902 1846 978 1899 curre,
996 1829 1073 1904 quod
1087 1846 1175 1904 supra
1184 1829 1280 1896 *elem

211 1953 231 1992 a
244 1934 404 1992 recentiore
422 1933 665 2009 manuscriptum
681 1939 734 2006 est,
756 1934 914 2008 neglegere
930 1952 1096 2010 possumus.
1129 1933 1281 2006 Quomodo

212 2058 316 2099 versus
348 2041 378 2097 in
410 2045 581 2098 contextum
604 2041 636 2121 L
669 2040 777 2098 codicis
810 2041 990 2116 pervenerit,
1023 2041 1133 2117 duplici
1169 2041 1280 2099 ratione

211 2147 353 2223 explicari
382 2152 487 2223 potest.
533 2147 608 2204 Nam
632 2147 719 2222 plane
742 2147 947 2222 abnegandum
972 2165 1031 2205 non
1054 2153 1099 2206 est
1122 2149 1148 2205 L
1172 2147 1282 2207 codicis

210 2255 363 2313 librarium
388 2273 505 2312 versum
528 2255 583 2312 hoc
604 2255 689 2312 modo
705 2255 847 2330 scriptum
864 2255 893 2312 in
917 2255 996 2313 fonte
1020 2273 1073 2314 suo
1097 2275 1118 2314 x
1134 2255 1281 2313 invenisse

210 2367 243 2420 et
271 2362 475 2437 descripsisse,
503 2367 533 2419 at
561 2367 662 2418 contra
691 2361 715 2418 si
747 2379 849 2420 verum
878 2368 924 2420 cst
948 2362 974 2419 L
997 2363 1106 2420 codicis
1130 2362 1280 2420 librarium

210 2470 319 2528 librum
344 2487 429 2526 suum
453 2487 490 2526 ex
514 2469 628 2526 duobus
652 2469 870 2543 exemplaribus
888 2469 1071 2545 compilasse,
1097 2470 1159 2527 fieri
1177 2470 1281 2545 potuit,

211 2580 246 2633 ut
268 2575 404 2633 librarius
428 2575 530 2633 eodem
555 2575 648 2648 modo,
673 2592 731 2650 quo
755 2581 855 2650 postea
878 2574 1060 2650 Solbiskyus,
1084 2595 1121 2634 cx
1146 2576 1281 2634 codicum

209 2682 350 2740 varietate
392 2682 562 2740 coniciendo
608 2687 802 2757 componeret.
867 2682 1031 2741 [librarium
1087 2684 1165 2741 enim
1208 2685 1281 2759 tanti

210 2790 312 2848 iudicii
336 2791 437 2863 fuisse,
463 2795 496 2847 ut
518 2807 554 2848 ex
578 2789 689 2865 duplici
713 2790 837 2848 lectione
861 2808 962 2848 verum
981 2809 1154 2867 recuperare
1173 2796 1282 2866 posset,

210 2915 266 2973 ego
295 2915 353 2955 non
380 2915 502 2972 prorsus
530 2898 712 2973 negaverim,
741 2898 873 2974 Peperus
901 2903 988 2973 negat
1015 2898 1054 2975 (p.
1082 2899 1140 2973 16).
1187 2900 1281 2973 Argu-

210 3009 310 3062 menta
341 3004 443 3079 Pcperi
474 3010 543 3062 sunt
572 3005 651 3062 baec.
699 3004 847 3062 Librarius
876 3023 1095 3081 nonnumquam
1119 3003 1228 3062 erravit
1251 3005 1281 3061 in

211 3110 386 3169 reducendis
409 3089 613 3185 pentametris,
638 3111 716 3185 quod
741 3110 871 3184 Peperus
894 3111 931 3167 ad
955 3111 1146 3185 ignorantiam
1170 3110 1281 3168 librarii

209 3218 307 3278 refert.
366 3217 479 3274 Deinde
507 3235 545 3274 ex
574 3216 722 3274 nonnullis
751 3216 911 3288 erroribus,
939 3234 1014 3292 quos
1042 3216 1115 3274 tanti
1144 3217 1279 3275 moment

208 3342 277 3383 esse
306 3341 394 3398 nego,
430 3324 579 3381 concludit
606 3323 758 3381 librarium
786 3323 905 3398 linguae
933 3323 1041 3381 latinae
1070 3342 1194 3398 gnarum
1223 3342 1280 3381 non

208 3431 308 3490 luisse.
356 3430 430 3488 Sunt
452 3436 551 3488 cirtem
576 3431 657 3488 haec.
701 3430 930 3506 Nonnumquam
953 3431 1004 3502 f't,
1033 3436 1065 3488 ut
1089 3430 1116 3486 L
1139 3430 1158 3486 d
1180 3447 1232 3505 pro
1256 3430 1282 3487 cl

135 3590 138 3594 .
208 3542 239 3597 et
269 3557 290 3594 u
321 3556 374 3612 pro
407 3538 436 3594 rt
464 3537 604 3595 exhibeat
635 3542 670 3595 ut
703 3536 718 3594 Ι
752 3539 811 3610 7,9
845 3542 995 3595 coutentes
1027 3556 1080 3612 pro
1112 3537 1279 3609 conteritur,

207 3646 223 3703 1
256 3647 335 3716 15,3
364 3645 467 3719 periclo
499 3663 552 3720 pro
580 3645 703 3718 perulo,
737 3644 752 3702 Ι
783 3645 882 3716 15,27
910 3645 1011 3720 perede
1041 3643 1103 3719 (sed
1133 3644 1188 3702 boc
1216 3643 1280 3701 loco

207 3751 343 3811 librarius
367 3751 440 3826 ipse,
471 3756 626 3826 postquam
651 3769 777 3809 errorem
801 3751 962 3819 intellexit,
986 3750 1154 3809 emendavit
1177 3749 1280 3808 litteris

206 3913 233 3971 cl
261 3910 492 3987 suprascriptis),
522 3911 536 3968 l
563 3911 663 3982 16,12
694 3910 755 3968 sedi
782 3929 835 3986 pro
866 3910 946 3982 secli,
976 3910 990 3966 l
1015 3910 1067 3982 20,
1080 3911 1118 3967 19
1138 3862 1279 3984 puetdiete's

209 4018 249 4096 (re‘
272 4038 289 4075 a
313 4037 342 4075 m
367 4020 384 4075 2
410 4017 643 4095 suprascriptum
662 4016 729 4092 est),
751 4016 783 4083 ,Π
809 4018 889 4082 9,38
915 4016 1015 4105 ecrite,
1040 4016 1119 4092 quod
1142 4015 1171 4072 in
1195 4021 1280 4074 ecreto
