2970 4756
652 437 848 496 -3„

216 640 270 707 est,
305 635 352 691 cui
386 653 402 690 a
435 634 559 708 Pepero,
593 633 641 708 qui
675 633 786 708 primus
819 633 924 691 librum
957 634 1093 707 contulit,
1128 633 1283 692 Lusaticus

214 758 318 797 nomen
343 739 446 796 datum
469 743 522 796 est.
570 737 633 810 Quo
658 739 695 796 de
718 739 818 797 codice
840 741 968 814 Peperus
992 745 1070 796 torno
1086 739 1183 797 LXIX
1207 759 1284 797 auno

217 848 297 903 1893
316 845 394 902 edito
413 845 491 902 illius
506 846 644 921 corporis,
662 846 741 920 qnod
754 846 923 903 inscribitur
937 846 1052 919 „Neues
1064 846 1282 904 Lansitzisches

214 952 365 1026 llagazin“
389 952 480 1010 refert
503 960 534 1010 et
557 957 671 1027 praeter
694 952 920 1027 descriptionem
944 953 1010 1010 libri
1034 958 1064 1010 et
1087 953 1172 1010 cuius
1197 954 1281 1028 pretii

214 1059 253 1116 sit
277 1066 306 1117 et
329 1060 378 1135 qui
404 1060 486 1117 locus
510 1060 579 1117 huic
603 1060 675 1117 libro
699 1059 775 1117 inter
798 1059 927 1135 reliquos
949 1061 1080 1136 Properti
1104 1061 1220 1118 codices
1244 1061 1282 1118 sit

213 1166 393 1238 tribuendus,
422 1166 623 1224 demonstrare
651 1173 781 1225 conatur.
833 1166 878 1224 Ad
911 1167 1074 1242 opinionem
1108 1168 1281 1225 firmandam

212 1274 329 1331 collatio
363 1273 455 1331 totins
486 1273 553 1331 libri
583 1273 669 1349 primi
702 1280 733 1331 et
763 1274 911 1348 graviores
942 1274 1082 1332 lectiones
1109 1293 1147 1333 ex
1175 1276 1281 1334 ceteris

215 1380 298 1438 libris
323 1380 449 1438 selectae
472 1380 615 1455 aPeperc
638 1380 756 1438 additae
781 1387 858 1438 sunt.
890 1379 982 1452 Quam
1007 1381 1110 1456 Peperi
1134 1400 1280 1440 commen-

213 1488 352 1545 tationem
370 1489 405 1545 ab
420 1487 555 1545 omnibns
572 1487 642 1546 viris
666 1488 759 1546 doctis
774 1488 936 1562 neglectam
957 1507 1025 1546 cum
1049 1489 1112 1564 ipse
1129 1489 1279 1547 Theodoro

213 1594 304 1651 Birtio
332 1601 449 1652 auctore
476 1595 642 1652 accuratius
671 1600 808 1669 reputare
832 1595 1003 1670 coepissem,
1027 1596 1184 1654 Lusaticus
1208 1597 1277 1654 mihi

212 1720 330 1776 quoque
358 1701 465 1776 dignus
489 1720 553 1760 esse
577 1702 736 1774 videbatur,
761 1702 811 1777 qni
836 1702 912 1760 inter
935 1703 1050 1760 codices
1074 1703 1277 1761 auctoritatem

213 1809 354 1867 habentes
378 1809 565 1884 reciperetur.
612 1809 778 1884 Propterea,
809 1815 841 1866 nt
868 1809 1033 1868 accuratius
1061 1810 1141 1868 hunc
1168 1810 1277 1868 librum

215 1915 386 1973 Lusaticum
421 1933 636 1990 cognoscerem,
663 1915 863 1990 Marpurgium
892 1917 1079 1974 transmissus
1108 1923 1162 1988 est,
1200 1917 1278 1992 quod

211 2024 431 2082 munificentiae
454 2041 488 2080 ac
519 2023 736 2080 benevolentiae
765 2022 1006 2080 bibliothecarum
1030 2021 1222 2080 Gorlitzianae
1246 2030 1276 2082 et

211 2131 441 2206 Marpurgiensis
469 2131 570 2188 debeo
622 2128 715 2202 Quem
738 2131 787 2187 ubi
811 2130 944 2202 excussi,
972 2130 1078 2205 opinio,
1112 2149 1187 2206 quae
1220 2131 1276 2188 fuit

211 2239 338 2296 codicem
373 2239 545 2296 auctoritate
580 2256 636 2295 non
667 2256 774 2310 carere,
807 2237 892 2294 valde
923 2237 1039 2295 firmata
1066 2242 1119 2309 est,
1151 2243 1184 2295 nt
1214 2237 1277 2312 ipse

213 2346 315 2421 Peperi
340 2345 613 2404 commentationem
629 2345 796 2403 continuare
820 2345 970 2402 auderem.
1001 2345 1105 2420 ltaque
1121 2344 1275 2402 collatione

210 2454 300 2510 totius
323 2453 388 2511 libri
414 2453 540 2528 perlecta
567 2452 682 2510 tabulas
702 2458 732 2510 et
748 2451 875 2511 husatici
900 2458 931 2510 et
953 2458 1118 2510 ceterorum
1141 2452 1273 2510 codicum

210 2560 351 2618 lectiones
384 2560 566 2636 continentes
599 2559 727 2626 institui,
766 2559 873 2634 quibus
908 2559 1111 2616 auctoritatem
1144 2559 1274 2616 Lusatici

209 2666 446 2724 demonstrarem.
500 2666 602 2724 Totam
633 2684 699 2724 vero
731 2665 812 2723 illam
843 2665 909 2723 libri
941 2665 1134 2737 collationem,
1165 2666 1274 2741 quippe

211 2791 286 2847 quae
309 2773 431 2830 nimium
460 2774 514 2831 sibi
543 2773 629 2848 spatii
658 2773 795 2848 postulet,
825 2772 933 2830 bacin
961 2773 1166 2831 dissertatione
1189 2773 1273 2831 omisi

208 2879 324 2954 alioque
348 2880 411 2938 loco
435 2880 465 2937 in
488 2879 637 2955 publicum
662 2882 797 2939 emittere
825 2880 896 2937 mihi
925 2880 1071 2955 proposui.
1110 2880 1274 2953 Praeterea,

209 2986 288 3060 quod
317 2986 461 3060 Pepernm
494 2986 524 3042 in
555 3005 608 3044 sua
636 2987 833 3062 descriptione
866 2987 932 3044 libri
964 2993 1070 3046 rectum
1100 2987 1274 3045 sententiam

208 3092 356 3149 nonrmllis
384 3093 456 3149 locis
480 3111 536 3149 non
564 3093 724 3167 protulisse
752 3081 882 3166 arbitror,
911 3094 1042 3151 habitum
1071 3095 1180 3153 codicis
1208 3113 1273 3152 cum

208 3217 278 3255 cura
302 3198 467 3256 describere
489 3216 563 3273 epus
586 3214 653 3256 esse
678 3199 748 3257 mihi
773 3200 868 3258 visum
892 3205 944 3258 est.

353 3694 409 3759 De
435 3695 577 3760 codicis
601 3693 772 3760 Lusatici
797 3697 932 3761 habitu
958 3704 1130 3762 externo.

297 3823 452 3881 Lusaticus
480 3824 573 3881 codex
600 3830 646 3882 est
674 3824 847 3883 chartaceus
874 3826 966 3883 forma
993 3830 1093 3883 octava
1128 3827 1272 3902 habetque

207 3934 411 4002 tegumentum
435 3948 473 3988 cx
497 3929 603 4004 ligneis
626 3931 743 3988 tabellis
766 3932 843 3989 corio
867 3932 993 3990 inductis
1014 3934 1218 4008 compositum,
1243 3935 1271 3992 in

206 4054 264 4111 quo
287 4036 418 4095 claustra
441 4035 510 4094 olim
533 4037 627 4095 fnisse
650 4037 739 4096 etiam
762 4057 840 4099 nuuc
863 4040 997 4114 cognosci
1022 4046 1127 4117 potest.
1176 4041 1270 4101 Huius

1172 4165 1200 4214 1*
