2970 4756
222 1583 314 1699 16166
343 1642 419 1699 viros
449 1642 558 1713 (tostos,
590 1641 643 1716 qui
669 1641 705 1698 de
733 1641 866 1715 Properti
897 1640 1074 1697 carminibus
1102 1658 1199 1698 reeen-

134 1747 232 1805 sendis
256 1748 504 1822 emendandisqne
527 1748 600 1805 bene
624 1747 719 1804 moriti
749 1751 825 1818 sunt,
850 1746 971 1804 Carolus
994 1746 1199 1803 Laelunannus

132 1872 201 1928 prae
224 1855 330 1912 oeteris
353 1860 399 1912 est
422 1853 596 1926 laudandus,
622 1853 670 1928 qui
691 1872 728 1911 ex
745 1871 849 1926 magna
874 1852 1008 1910 oodioum
1025 1852 1101 1909 mole
1125 1853 1199 1910 duos

132 1960 229 2034 elegit,
253 1961 281 2017 in
305 1960 412 2036 quibus
435 1966 535 2019 textus
560 1960 733 2018 restituendi
760 1959 984 2017 fundamentum
1008 1976 1074 2016 esse
1099 1959 1198 2030 voluit,

134 2064 361 2140 Groningianum
393 2073 424 2125 et
455 2066 693 2142 Neapolitanum,
729 2084 855 2141 quorum
886 2065 968 2123 alteri
1000 2063 1198 2139 Groningiano

133 2173 257 2247 priorem
285 2173 380 2231 looum
408 2173 518 2246 tribuit,
547 2173 737 2248 Neapolitano
761 2173 933 2244 seeundum,
958 2171 998 2229 ita
1026 2177 1132 2244 tamen,
1164 2177 1199 2229 ut

133 2279 232 2336 oodioe
265 2279 291 2337 G
320 2279 370 2336 vix
401 2280 518 2337 inferior
548 2285 636 2337 esset.
688 2279 783 2336 Etiam
812 2278 1023 2353 Hertzbergius
1055 2279 1084 2336 iu
1117 2297 1198 2353 prae-

133 2385 240 2442 latione
270 2385 407 2442 editionis
436 2385 579 2443 disseruit
610 2386 754 2461 optimum
783 2386 913 2443 oodieem
941 2402 1008 2443 esse
1042 2384 1076 2456 d,
1107 2402 1195 2460 quam

133 2493 307 2550 sententiam
332 2493 446 2550 Keilius
473 2494 502 2550 in
530 2493 734 2550 dissertatione
758 2493 875 2550 Bonnae
903 2493 984 2549 1843
1015 2491 1092 2549 edita
1123 2493 1199 2549 refu-

134 2599 215 2670 tarit,
243 2617 311 2656 oum
339 2606 370 2657 et
397 2599 423 2657 G
447 2600 545 2675 ipsum
573 2599 652 2657 haud
678 2599 780 2674 paucis
804 2598 874 2656 loeis
899 2598 1105 2672 interpolatum
1131 2615 1196 2656 esse

134 2705 348 2763 demonstraret
363 2711 393 2764 et
409 2705 600 2780 Neapolitano
617 2724 640 2764 6.
665 2724 762 2781 parem
787 2705 987 2763 auctoritatem
1013 2704 1197 2762 tribuendam

134 2829 200 2868 esse
224 2812 376 2871 iudio‘iret.
423 2813 536 2871 Deinde
560 2813 776 2871 Heimreiohius
800 2816 922 2888 (quaest.
947 2812 1078 2887 Propert.
1103 2804 1194 2869 Bonn'.

138 2919 232 2990 1863)
265 2919 291 2976 G
318 2919 404 2994 plane
435 2919 631 2994 spernendum
662 2937 728 2977 esse
758 2919 960 2977 demonstrare
991 2925 1111 2976 conatus
1142 2924 1197 2989 ost,

135 3043 192 3098 qua
215 3024 251 3081 de
279 3025 423 3083 sententia
447 3024 595 3083 Grummio
623 3026 778 3101 persuasit,
807 3026 857 3101 qui
883 3030 916 3083 et
943 3025 1007 3100 ipse
1032 3024 1088 3101 (De
1112 3025 1196 3083 codd.

135 3131 219 3206 Prop.
249 3133 275 3187 (ι’
297 3136 328 3188 et
351 3132 386 3188 N
402 3132 573 3190 auctoritate
600 3133 695 3207 1869)
718 3150 810 3189 uuum
825 3131 1051 3207 Neapolitanum
1073 3150 1197 3207 sequen-

135 3238 204 3294 dum
228 3220 294 3295 esse
314 3238 425 3295 statuit.
457 3237 531 3295 Tum
552 3257 654 3296 rursus
674 3244 774 3296 eontra
788 3239 1007 3314 Luetjohaunus
1022 3239 1198 3312 (Oomrnent.

136 3347 219 3422 Prop.
245 3345 320 3404 Kiel.
347 3347 442 3421 1869)
465 3351 496 3404 et
518 3346 771 3420 Heydenreiehius
794 3350 923 3423 (Quaest.
940 3347 1028 3422 Prop.
1049 3349 1144 3422 1875)
1173 3347 1200 3405 G

135 3453 337 3512 auctoritatem
366 3454 400 3510 N
423 3454 655 3528 posthabendam
684 3473 738 3512 neo
770 3461 868 3512 tamen
902 3454 987 3528 plane
1017 3453 1197 3510 abiciendam

136 3577 202 3616 osse
227 3560 395 3633 voluerunt,
429 3579 495 3618 oum
524 3560 596 3618 satis
625 3561 733 3619 multae
761 3560 900 3618 lectiones
928 3559 957 3616 in
985 3559 1020 3616 N
1042 3566 1199 3632 exstarent,

136 3685 210 3741 quae
234 3667 465 3742 interpolationis
489 3668 617 3743 speeiem
641 3669 823 3743 praeberent.
869 3665 998 3738 Quorum
1026 3667 1201 3725 sententiam

139 3773 284 3830 lnroianus
309 3773 468 3832 Muellerus
492 3776 592 3850 (praei.
616 3794 644 3850 p.
672 3775 721 3849 VI)
749 3776 811 3832 lere
836 3781 955 3832 secutus
983 3779 1035 3831 est.
1070 3773 1200 3849 Denique

136 3881 329 3940 Baeluensius
345 3881 373 3941 in
391 3882 571 3957 praefatione
590 3881 727 3940 editionis
748 3901 773 3939 a.
793 3882 876 3940 1886
900 3882 975 3939 hano
995 3883 1200 3939 auctoritatem

136 3988 229 4048 oodioi
258 3989 294 4048 N
318 3991 444 4066 abnegat
474 4007 601 4067 eumque
624 3989 728 4048 eodem
752 3989 838 4048 modo
867 4006 925 4066 quo
950 3987 1080 4065 reliquos
1113 3988 1200 4048 iuter·
