2970 4756
649 393 845 453 ,6-

215 594 357 668 scriptura
387 597 499 664 vacant,
528 595 652 666 possunt
679 590 770 665 igitur
794 607 914 647 vacasse
939 589 1026 647 etiam
1054 594 1186 647 extrema
1214 588 1285 646 lolia

214 699 319 759 Catulli
345 698 521 774 Tibullique.
560 698 690 770 Accedit,
715 697 795 773 quod
820 696 1013 755 Memmiauus
1037 696 1140 768 codex,
1165 696 1200 754 de
1224 714 1284 771 quo

214 806 324 864 Plessis
339 806 455 879 (studes
476 805 616 881 critiques
637 823 686 862 sur
702 805 846 880 Properce
862 822 929 879 pag.
949 805 1001 878 27)
1017 803 1085 878 egit,
1110 803 1284 860 coniunctos

213 914 268 972 hos
292 918 353 971 tres
376 918 476 989 pacatas
490 913 612 988 praebet
636 913 685 985 ita,
710 917 743 970 ut
760 912 930 987 Propertius
949 910 1104 969 exordium
1127 930 1144 967 a
1168 911 1283 969 decimo

213 1021 351 1096 quinione
375 1020 470 1096 capiet
498 1021 659 1094 eodemque
683 1018 769 1076 modo
792 1024 880 1094 atque
903 1019 932 1075 in
957 1019 1097 1077 Lusaticc
1122 1037 1213 1093 usque
1242 1020 1281 1076 ad

213 1129 333 1186 tertium
359 1128 461 1185 folium
485 1128 632 1204 quinionis
661 1127 753 1184 octavi
782 1127 936 1202 pertineat,
966 1127 1043 1184 unde
1072 1132 1194 1202 apparet
1224 1128 1282 1186 hoc

213 1252 328 1311 quoque
352 1235 381 1291 iu
405 1234 505 1292 codice
524 1234 651 1291 carmina
669 1233 832 1293 Catulliana
847 1233 1009 1291 Tibulliana
1030 1235 1058 1290 in
1083 1234 1150 1292 illos
1174 1253 1279 1293 novem

211 1343 367 1418 quiniones
398 1341 607 1399 antecedentes
645 1341 801 1399 distributa
836 1342 938 1399 fuisse.
993 1341 1097 1417 Itaque
1133 1342 1279 1400 contendo

213 1449 381 1508 Lusaticum
399 1449 468 1507 olim
485 1449 632 1506 extribus
652 1448 800 1506 fasciculis
817 1449 1010 1523 compositum
1031 1450 1129 1520 inisse,
1153 1467 1280 1524 quorum

212 1557 315 1614 tertius
340 1556 473 1631 Properti
498 1556 626 1613 carmina
650 1557 801 1613 continens
825 1556 908 1613 nobis
933 1556 1053 1613 relictus
1076 1563 1130 1614 cst.

301 1662 453 1719 Praeterea
477 1663 505 1719 iu
531 1662 565 1729 L,
590 1669 623 1719 ut
645 1663 719 1719 haec
746 1663 802 1719 iam
831 1681 1066 1727 commemorem,
1095 1669 1125 1721 et
1152 1663 1217 1721 libri
1248 1669 1280 1722 et

212 1767 327 1841 singula
350 1769 478 1825 carmina
493 1769 622 1826 numeris
645 1769 787 1844 appositis
804 1774 1001 1841 numerantur,
1025 1774 1114 1845 atque
1137 1770 1278 1828 librorum

212 1875 323 1934 numeri
348 1874 378 1932 in
402 1875 587 1949 superiorum
611 1875 776 1949 marginum
802 1875 908 1947 medio,
932 1876 1095 1933 carminum
1123 1882 1222 1935 autem
1250 1878 1279 1934 in

212 1981 344 2055 margine
376 1981 458 2040 iuxta
487 1981 569 2038 initia
597 1983 759 2054 carminum
789 1981 877 2056 positi
902 1987 978 2055 suut,
1009 1984 1128 2058 utrique
1151 2003 1167 2041 a
1193 2002 1278 2041 manu

212 2088 340 2145 secunda
363 2089 450 2146 rubro
473 2088 579 2146 colore.

302 2195 337 2252 In
360 2195 500 2253 interiore
523 2201 606 2271 parte
631 2195 793 2268 tegumenti
807 2213 823 2252 a
839 2213 925 2252 mauu
949 2197 1107 2255 recentiore
1132 2197 1277 2272 scriptum

209 2302 342 2359 videmus
375 2297 454 2363 dolis
476 2298 583 2363 Mende!
614 2303 731 2375 (nomen
761 2301 937 2376 possessoris
965 2303 1137 2379 cuiusdam),
1169 2304 1276 2386 deinde

209 2409 238 2466 in
269 2409 364 2484 prima
394 2409 519 2467 biniouis
548 2408 653 2483 pagina
682 2404 859 2483 Properas:
892 2411 958 2483 (hoc
986 2411 1110 2468 tortasse
1144 2430 1160 2468 a
1189 2430 1290 2486 uranu·

209 2516 336 2573 secunda
365 2517 509 2591 scriptum
532 2517 587 2590 est)
610 2511 670 2576 libri
691 2527 739 2575 θον
773 2516 803 2573 id
831 2522 877 2574 est
912 2516 997 2589 „libri
1024 2520 1180 2591 quattuor“
1209 2518 1276 2593 (hoc

213 2623 308 2679 manui
333 2622 483 2681 recentiori
508 2621 694 2679 tribuendum
719 2623 933 2699 est),⁴deuique
962 2625 989 2680 iu
1019 2624 1078 2682 fine
1106 2626 1286 2700 subscripti.

209 2747 293 2786 onem
323 2729 388 2786 libri
411 2725 487 2805 finis
515 2730 598 2803 (haec
621 2730 741 2805 quidem
762 2730 865 2788 vocula
887 2731 1002 2787 levibus
1024 2732 1201 2789 ornamentis
1230 2739 1276 2790 est

211 2837 399 2911 ciromndata)
423 2843 452 2894 et
474 2833 565 2912 padua
587 2833 674 2900 7469.
716 2837 771 2894 His
796 2838 957 2895 observatis
974 2838 1101 2912 Peperus
1125 2841 1276 2897 contendit

208 2947 238 3000 et
262 2943 385 3017 patriam
410 2949 439 3000 et
462 2948 588 3001 aetatem
611 2943 718 3001 codicis
741 2944 828 3019 plane
850 2945 1077 3004 demonstratam
1103 2963 1176 3003 esse.
1214 2946 1273 3003 Sed

209 3052 263 3109 hnc
287 3070 377 3109 uuum
399 3053 544 3127 Peperum
568 3053 682 3126 affligit,
706 3053 785 3129 quod
809 3057 839 3111 et
863 3053 1070 3127 gravissimum
1094 3059 1124 3111 et
1147 3054 1275 3111 certissi-

210 3176 290 3215 mum
322 3145 388 3215 esse
421 3158 498 3215 dico:
530 3159 642 3216 scilicet
673 3159 725 3217 illa
758 3161 846 3217 verba
875 3160 971 3234 padue
996 3162 1074 3217 1469
1098 3179 1152 3217 non
1177 3179 1194 3216 a
1218 3160 1273 3217 lib-

207 3265 282 3324 rario
316 3265 380 3339 ipso
413 3265 461 3340 (m.
489 3266 517 3340 1)
547 3266 655 3341 scripta
683 3273 761 3338 sunt,
790 3267 842 3325 sed
870 3268 906 3324 ab
936 3267 985 3324 illo
1010 3269 1070 3324 viro
1094 3267 1192 3339 docto,
1222 3269 1272 3343 qui

207 3378 298 3430 totum
328 3370 432 3429 librum
462 3391 549 3429 manu
582 3373 723 3448 scriptum
752 3374 909 3448 diligenter
940 3375 1045 3432 iterum
1074 3375 1217 3432 recensuit
1244 3380 1275 3433 et

207 3478 252 3536 cui
278 3497 392 3536 manum
419 3479 578 3536 secundam
607 3480 770 3551 tribuimus,
799 3481 828 3536 in
856 3481 915 3538 line
944 3481 1008 3537 libri
1032 3481 1165 3556 adposita
1194 3488 1273 3550 sunt,

209 3585 289 3661 quod
322 3585 441 3660 quidem
474 3603 509 3642 ex
543 3586 706 3644 litterarum
740 3587 833 3644 torma
864 3592 894 3644 et
924 3606 961 3644 ex
992 3588 1143 3644 atramenti
1176 3587 1273 3645 colore

207 3691 321 3748 diverso
345 3691 431 3749 facile
454 3692 564 3766 elucet3
589 3711 655 3749 nam
689 3692 802 3750 litterae
830 3712 848 3749 o
876 3698 906 3750 et
929 3693 948 3749 d
977 3694 1031 3751 hoc
1061 3694 1144 3751 modo
1172 3702 1205 3749 ut
1233 3693 1271 3750 ibi

206 3796 333 3871 scriptae
364 3804 445 3869 snut,
476 3798 504 3855 in
534 3803 675 3856 contextu
705 3799 866 3856 carminum
896 3817 1042 3874 nusquam
1074 3800 1271 3872 inveniuntur,

205 3909 235 3961 at
258 3904 375 3979 saepius
396 3905 424 3961 in
442 3906 618 3963 correcturis
637 3923 738 3962 manus
760 3906 918 3980 secuirdae3
943 3913 1042 3963 contra
1066 3924 1163 3963 rocem
1185 3908 1270 3980 fieris
1325 3893 1327 3896 Α

206 4028 280 4088 quae
309 4011 466 4087 praecedit,
492 4029 595 4069 manus
622 4015 635 4069 1
663 4002 840 4070 exaraverat.
887 4012 1042 4090 Propterea
1074 4013 1177 4090 Peperi
1207 4031 1272 4072 sen·
