2970 4756
641 400 836 463 ..8-

206 601 367 676 eodemque
403 601 488 658 modo
519 601 554 658 ui
584 601 619 658 ui
645 620 677 658 m
701 577 832 676 'propter
866 599 1088 658 similitudinem
1124 599 1276 659 videlieet.

206 709 362 784 Propterea
386 707 533 765 interdum
556 708 619 783 ipse
643 707 778 765 librarius
797 712 945 765 erraverat
969 712 1002 764 ut
1025 707 1047 764 l.
1071 708 1172 779 auso
1195 707 1277 765 mido

207 833 258 891 pro
285 814 373 886 nulle,
403 814 426 872 I.
453 816 530 885 16,3
561 814 677 871 lantino
700 832 752 889 pro
776 813 891 885 limina,
920 813 957 872 ΙΙ.
984 815 1084 886 10,22
1113 833 1191 872 ortos
1220 833 1288 890 pro¹

207 923 284 979 imos
307 926 413 980 exstat.
446 919 507 993 Qua
533 922 570 979 de
593 939 681 979 causa
704 940 721 978 a
745 921 906 979 recentiore
930 940 1016 979 manu
1040 927 1140 998 postea
1164 922 1276 980 hamuli

208 1047 297 1104 supra
320 1047 341 1085 rr
369 1033 399 1086 et
427 1028 503 1085 ictus
531 1046 621 1102 supra
649 1028 662 1085 i
688 1028 776 1103 positi
801 1032 878 1100 sunt
909 1046 983 1103 quos
1006 1033 1144 1087 accentus
1168 1029 1198 1086 in
1223 1029 1277 1087 illo

208 1136 291 1207 libro,
320 1154 407 1210 quem
434 1135 615 1210 propositum
639 1135 741 1192 habuit
765 1134 894 1193 Lusatici
924 1135 1068 1207 librarius,
1097 1154 1153 1193 non
1184 1135 1278 1195 tuisse

209 1249 239 1301 et
260 1248 361 1318 postea
386 1233 579 1300 distinotionis
602 1259 689 1300 causa
712 1242 828 1300 additos
852 1260 918 1299 esse
943 1242 1074 1318 Peperus
1097 1249 1176 1301 recte
1199 1243 1278 1301 iudi-

208 1367 290 1408 casse
315 1349 385 1407 mihi
411 1348 533 1406 videtur.
573 1347 655 1420 Quod
679 1368 693 1402 a
716 1355 746 1405 et
770 1355 779 1404 t
802 1348 920 1407 litterae
943 1355 1160 1408 commutantur
1183 1351 1277 1429 maxi-

210 1475 315 1532 meque
338 1475 352 1513 o
374 1474 426 1530 pro
450 1460 460 1510 t
484 1455 610 1530 ponitur,
625 1460 658 1512 ut
674 1456 734 1512 tere
758 1473 873 1531 semper
892 1456 982 1513 ainau
1001 1457 1134 1531 aporia-ru
1148 1456 1277 1532 aliaque,

209 1563 247 1625 ad
271 1563 351 1634 leges
375 1561 599 1636 permutationis
627 1561 759 1636 pertinet.
810 1562 872 1619 llno
902 1567 998 1620 autem
1030 1563 1173 1621 locohac
1203 1564 1277 1621 sori-

210 1669 295 1727 bendi
321 1669 431 1726 ratione
454 1686 534 1725 error
551 1674 636 1726 uatus
658 1673 713 1740 est,
738 1687 803 1726 uam
819 1668 857 1727 ΙΙ.
876 1670 949 1740 16,l
979 1688 1031 1744 pro
1048 1670 1150 1734 Pretor
1168 1670 1278 1728 Precor

209 1796 226 1836 a
250 1776 365 1833 librario
389 1775 417 1833 in
442 1780 611 1833 contextum
636 1781 683 1833 est
704 1781 863 1850 receptum.
894 1776 1000 1834 Contra
1016 1777 1052 1833 ad
1070 1777 1278 1852 orthographi-

210 1901 272 1941 oam
297 1900 357 1940 reru
382 1881 530 1956 pertinent
552 1880 641 1938 etiam
665 1856 720 1940 hae
743 1882 949 1957 proprietates:
979 1883 1096 1958 saepius
1123 1883 1157 1940 cli
1184 1901 1239 1958 pro
1263 1904 1280 1942 c

210 1989 345 2048 scribitur
368 1994 401 2046 ut
423 1988 569 2045 orchadiia
593 1988 734 2045 lachriruo
756 1995 786 2046 et
810 1995 819 2046 t
842 1990 952 2064 duplex
980 2007 1033 2065 pro
1057 1989 1184 2064 simplici
1209 1995 1219 2046 t
1243 1997 1280 2050 ut

210 2097 239 2157 in
277 2095 359 2152 litias
395 2099 426 2152 et
458 2112 575 2168 semper
606 2095 719 2168 appollo
757 2095 906 2170 duplicem
938 2114 957 2170 p
988 2096 1114 2153 litteram
1143 2098 1279 2171 praebet,

210 2221 327 2278 semper
364 2200 524 2276 simplicem
565 2201 680 2275 irrpitor.
742 2201 814 2259 Vide
853 2202 926 2259 iutra
966 2202 1001 2260 de
1040 2203 1279 2278 orthographicis

210 2309 339 2368 tabellas.

299 2451 386 2507 Porro
419 2449 454 2506 ad
488 2449 684 2524 orthoepieam
720 2468 781 2507 rern
814 2451 955 2524 pertinet,
993 2452 1071 2526 qnod
1098 2469 1122 2524 p
1156 2451 1280 2527 saepius

210 2563 277 2634 post
288 2568 322 2615 m
333 2557 472 2614 inseritur
485 2562 517 2613 ut
529 2551 743 2631 contempnitur
754 2556 911 2632 colrrrrrpno
926 2557 1040 2632 aliaque
1052 2563 1081 2616 et
1098 2556 1280 2635 plerumque

182 2672 187 2681 '
209 2667 221 2723 i
245 2684 295 2740 pro
318 2684 337 2739 p
361 2664 503 2722 scribitur.
551 2662 625 2720 Vide
649 2663 765 2721 ibidem.

299 2806 547 2881 lnterpunc'tionis
571 2806 676 2879 signis,
700 2812 733 2864 ut
760 2808 831 2864 haec
859 2826 975 2882 quoque
998 2808 1100 2882 paucis
1123 2808 1280 2884 attingam,

209 2916 345 2974 librarius
369 2914 449 2971 nulla
472 2918 551 2970 certa
574 2913 684 2970 ratione
714 2914 815 2971 utitur.
865 2914 961 2971 Etiam
985 2915 1039 2972 hac
1062 2915 1091 2971 in
1116 2933 1146 2972 re
1170 2914 1281 2991 Peperi

209 3022 384 3080 sententiam
407 3039 521 3096 sequor,
544 3019 595 3094 qui
619 3025 703 3095 putat
726 3039 844 3078 manum
871 3021 1029 3078 secundam
1053 3020 1081 3077 in
1111 3020 1156 3078 lris
1181 3020 1280 3097 signis

209 3127 351 3202 ponendis
383 3133 527 3184 versatam
557 3144 632 3184 esse.
683 3126 781 3184 Nullis
812 3131 908 3184 autem
941 3127 996 3184 nisi
1036 3128 1149 3185 duobus
1180 3128 1280 3203 siguis

209 3233 344 3291 librarius
374 3233 479 3290 utitur:
504 3237 618 3307 puncto
651 3251 768 3308 semper
796 3251 884 3307 supra
917 3233 1024 3291 lineam
1054 3234 1148 3308 posito
1172 3245 1217 3310 —'
1247 3242 1280 3295 et

209 3340 293 3414 signo
318 3339 524 3413 interrogativo
548 3343 600 3414 j,
624 3357 699 3414 quae
723 3340 806 3413 sigua
829 3340 858 3397 in
884 3358 968 3397 versu
993 3341 1056 3415 ipso
1079 3341 1140 3398 fere
1168 3341 1281 3402 desunt

208 3452 237 3504 et
271 3446 444 3521 plerumque
480 3446 510 3502 iu
541 3464 678 3503 versuum
715 3445 773 3504 fine
809 3447 993 3521 maximeque
1026 3452 1278 3521 pentametrorum

208 3556 363 3627 ponuntur.

298 3694 544 3769 Cornpendiorum
568 3699 666 3750 autem
691 3712 764 3752 usus
789 3695 943 3752 maximam
968 3697 1087 3770 praebet
1110 3696 1280 3756 inconstan-

208 3801 287 3873 tiam,
313 3820 377 3858 narn
404 3801 518 3857 nullum
541 3805 638 3857 exstat
662 3801 789 3867 uerbum
820 3802 898 3875 quod
924 3819 1040 3877 semper
1063 3802 1164 3859 eodem
1190 3805 1279 3863 modo

209 3913 376 3981 usurpetur,
401 3915 431 3964 et
447 3907 599 3963 verborum
626 3907 734 3963 tonnae
749 3906 853 3980 plenae
869 3913 898 3964 et
915 3908 1084 3965 decurtatae
1108 3908 1279 3981 promiscue

207 4013 382 4071 scribuntur.
430 4013 589 4086 Diptlrougi
616 4013 692 4070 enirn
717 4033 748 4070 oe
765 4018 795 4070 et
810 4032 843 4070 oe
863 4020 892 4071 et
915 4033 968 4088 per
993 4032 1080 4070 unum
1106 4033 1119 4070 e
1143 4016 1279 4076 vocalem
