2970 4756
629 373 847 432 ...60..

208 567 283 626 locis
299 568 412 644 antiqui
426 573 456 627 et
478 569 596 644 genuini
620 569 747 645 speciem
771 587 842 645 prae
858 587 891 627 se
914 570 1025 641 lerunt;
1057 568 1196 645 inspicias
1219 570 1278 628 tab.

212 675 258 732 111
282 675 311 745 d,
337 675 385 733 ubi
409 675 478 733 illae
502 675 642 735 lectiones
665 677 805 735 asterisco
829 681 945 734 notatae
969 683 1046 734 suut.

298 815 355 874 Sed
381 817 405 874 si
430 816 496 892 quis
519 817 677 875 contendat
697 818 722 874 L
742 822 771 875 et
788 819 824 875 N
842 817 928 894 plane
951 818 1092 893 gemellos
1115 818 1205 876 libros
1229 818 1278 877 vel

208 925 234 982 L
257 942 294 981 ex
315 925 350 981 N
368 924 549 1000 descriptum
574 943 649 996 esse,
673 925 738 983 eius
754 926 929 983 sententiam
945 927 1085 984 sustineri
1108 944 1167 984 non
1189 944 1278 1002 posse

206 1031 368 1107 apparebit,
398 1031 423 1089 si
446 1031 513 1107 quis
540 1032 704 1090 accuratius
732 1032 761 1088 in
793 1033 817 1089 L
842 1032 1038 1108 inquisiverit.
1096 1032 1171 1090 Nam
1202 1033 1278 1090 satis

211 1139 295 1196 multi
319 1138 376 1195 loci
400 1145 528 1210 exstant,
552 1139 661 1214 quibus
684 1139 710 1196 L
739 1158 807 1196 cum
831 1139 949 1197 Ill'AF
967 1139 1116 1198 codicibus
1143 1145 1194 1196 aut
1221 1139 1278 1197 sin-

207 1245 286 1320 gulis
312 1250 362 1302 aut
390 1245 554 1303 coniunctis
582 1251 681 1303 contra
706 1245 741 1302 X
764 1245 873 1304 codicis
900 1246 1105 1304 auctoritatem
1132 1247 1277 1320 congruit.

208 1352 271 1409 Hac
287 1370 404 1427 quoque
421 1352 449 1408 in
467 1369 499 1409 re
516 1352 541 1408 L
559 1352 600 1410 ita
612 1353 709 1424 habet,
726 1360 759 1410 ut
775 1371 843 1410 cum
861 1353 980 1410 llVAF
994 1353 1158 1430 coniunctis
1178 1371 1278 1427 saepe·

209 1477 329 1517 nrrrnero
342 1476 425 1515 veras
437 1457 578 1516 lectiones
593 1458 724 1525 seruerit,
740 1478 807 1516 cum
818 1459 938 1517 Nsolus
950 1465 1034 1517 erret.
1053 1459 1157 1535 ltaque
1169 1458 1279 1516 utrius-

207 1583 265 1641 que
279 1564 383 1622 classis
397 1583 417 1621 x
430 1570 461 1622 ct
477 1584 505 1638 y,
521 1583 594 1640 quas
610 1565 784 1637 redibimus,
802 1565 926 1623 virtutes
939 1566 965 1623 L
980 1565 1137 1640 complecti
1150 1565 1277 1623 ridetur.

208 1670 270 1743 Qua
300 1672 337 1729 de
367 1690 464 1743 causa,
496 1677 529 1728 ut
553 1671 579 1728 L
611 1690 649 1728 ex
679 1672 715 1728 N
732 1679 869 1730 exaratus
901 1672 952 1744 sit,
984 1672 1065 1730 nullo
1095 1672 1181 1730 modo
1211 1673 1278 1731 lieri

209 1785 316 1854 potest.
363 1779 570 1851 Quaerendum
600 1779 691 1852 igitur
715 1785 878 1854 est,‚quae
907 1779 981 1837 ratio
1009 1779 1173 1837 intercedat
1202 1780 1279 1837 inter

210 1887 236 1944 L
260 1894 289 1945 et
313 1895 426 1945 ceteros
454 1887 569 1944 codices
597 1892 793 1961 (plantamque
816 1887 1020 1944 auctoritatem
1047 1886 1074 1944 ei
1104 1886 1279 1945 tribuamus.

299 2047 338 2104 Ut
361 2046 418 2102 iarn
442 2064 529 2120 supra
554 2045 685 2102 diximus
708 2046 825 2103 codices
850 2046 984 2120 Properti
1007 2046 1037 2103 in
1066 2046 1140 2104 duas
1163 2045 1278 2104 classes

209 2172 247 2210 ex
270 2153 430 2226 archetypo
455 2148 486 2209 Ω
508 2157 642 2209 exaratas
666 2152 831 2221 discedunt,
856 2171 979 2227 quarum
1002 2153 1123 2210 alteram
1140 2171 1161 2209 x
1176 2152 1280 2229 appel-

209 2259 298 2317 latam
315 2259 349 2316 X
367 2259 529 2329 constituit,
555 2277 623 2316 curu
646 2259 683 2315 ad
707 2259 829 2317 alteram
852 2278 872 2332 5
897 2260 1075 2317 nominatam
1101 2260 1207 2317 DVet
1224 2261 1285 2318 AF

210 2366 356 2423 referendi
374 2365 442 2422 sint.
474 2365 548 2422 Huic
569 2364 657 2423 classi
672 2385 692 2439 y
706 2372 795 2441 atque
817 2365 944 2424 familiae
968 2366 1027 2424 AF
1041 2366 1280 2442 Hlolkhamicus)

209 2491 326 2549 quoque
356 2472 449 2530 codex
480 2472 655 2529 tribuendus
686 2478 739 2528 est.
791 2471 908 2546 Duplici
940 2479 1039 2529 autem
1071 2473 1183 2529 ratione
1214 2472 1280 2530 lieri

210 2586 317 2656 potest,
343 2587 376 2637 ut
400 2581 424 2636 L
448 2579 541 2637 codici
566 2579 663 2637 locum
688 2579 765 2636 inter
789 2579 841 2635 lios
864 2579 981 2636 codices
1003 2579 1208 2636 attribuamus,
1248 2579 1280 2638 Si

208 2687 327 2762 quidem
358 2686 383 2742 L
407 2703 445 2742 ex
470 2686 504 2742 X
525 2685 693 2759 descriptus
717 2702 773 2741 non
804 2691 858 2754 est,
886 2683 1074 2742 concluditur
1098 2685 1122 2742 L
1146 2668 1280 2744 codicem

208 2799 260 2850 aut
282 2792 386 2850 eodem
410 2791 495 2848 modo
518 2810 551 2848 ac
575 2802 690 2848 ceteros
713 2809 800 2866 pern
826 2791 872 2848 vel
896 2809 949 2866 per
972 2811 992 2864 y
1013 2810 1050 2848 ex
1070 2793 1232 2867 archetypo
1249 2789 1282 2851 Ω

210 2898 335 2956 fluxisse
349 2904 400 2955 aut
415 2917 431 2954 a
448 2897 566 2955 librario
579 2915 616 2954 ex
628 2898 745 2955 duobus
759 2897 978 2971 exemplaribus
994 2897 1186 2972 compilatum
1202 2917 1280 2958 esse.

301 3039 483 3112 Quaeramus
506 3039 606 3112 igitur,
630 3057 706 3113 quae
728 3046 899 3111 argumenta
923 3040 960 3095 ad
981 3026 1137 3114 utramque
1160 3046 1281 3099 seuten-

208 3149 279 3205 tiam
310 3146 485 3204 firmandam
512 3146 613 3203 afferri
641 3146 756 3221 possint
783 3152 814 3202 et
837 3145 1026 3203 exordiamur
1048 3165 1064 3202 a
1089 3145 1281 3221 disputando,

208 3273 267 3330 qua
298 3254 345 3310 via
368 3253 394 3310 L
425 3272 462 3310 ex
493 3253 656 3326 archetypo
687 3252 751 3325 ipso
781 3251 931 3308 derivatus
961 3270 1028 3309 esse
1059 3252 1161 3326 possit.
1218 3253 1282 3312 Hoc

163 3380 166 3384 ³
207 3361 326 3436 quidem
357 3366 469 3418 certum
501 3359 572 3416 mihi
605 3376 670 3415 esse
701 3358 814 3415 ridetur
847 3358 873 3414 L
897 3365 927 3415 et
951 3358 987 3414 X
1012 3359 1146 3416 codicum
1180 3359 1281 3419 fontes

208 3467 303 3524 fuisse
327 3466 449 3538 similes
473 3466 549 3540 qnod
572 3474 603 3522 ut
626 3470 778 3539 appareret
803 3464 918 3521 tabulas
938 3464 1069 3522 lIletX
1088 3483 1280 3540 magnacum

209 3592 279 3631 cura
303 3572 467 3648 composui3
492 3590 542 3629 eas
565 3572 650 3628 adeat
674 3571 753 3631 mihi,
778 3572 827 3645 qui
852 3571 982 3628 iudicare
1006 3571 1084 3628 velit.
1125 3571 1190 3629 Hoc
1214 3572 1280 3631 loco

209 3678 347 3754 exempla
377 3681 480 3736 iterare
511 3677 560 3733 rix
588 3696 662 3752 opus
691 3678 753 3734 erit.
800 3676 918 3734 Scilicet
943 3678 1039 3736 CCCC
1069 3678 1132 3736 fere
1155 3677 1230 3737 locis
1253 3681 1281 3738 L

207 3804 273 3842 cum
297 3785 333 3841 X
351 3785 412 3841 solo
438 3790 538 3841 contra
562 3792 675 3841 ceteros
698 3783 814 3840 codices
842 3783 911 3840 lacit
936 3784 1123 3859 maximeque
1151 3785 1280 3845 similem

208 3890 348 3964 originem
380 3891 441 3946 LX
463 3889 596 3947 codicum
630 3889 760 3946 indicant
785 3889 944 3963 scripturae
974 3889 1049 3946 tales
1079 3897 1127 3948 ut:
1152 3891 1166 3948 Ι
1196 3894 1281 3963 8,20

208 4014 341 4073 oryquos,
365 3996 395 4055 II
420 3997 474 4069 ?‚3
491 3996 541 4069 Ni,
565 3994 596 4052 ΙΙ
620 3997 718 4066 19,ἒό
736 3994 884 4054 oldradus.
909 3994 938 4053 ll
956 3996 1059 4066 2:2‚23
1078 3996 1281 4072 Pei-canetae,
