2970 4756
633 531 675 597 *t
723 474 852 562 at-¹

206 701 239 755 et
263 697 299 754 N
320 715 352 753 m
381 698 402 754 2
430 696 611 773 discrepant,
640 703 819 757 correcturas
845 717 863 756 a
892 699 952 756 viro
980 700 1067 757 docto
1097 700 1126 758 in
1149 701 1185 758 N
1201 720 1233 758 aa
1259 702 1280 759 2

206 802 308 861 illatas
336 820 401 861 θεεθ
425 802 512 878 plane
536 809 671 880 apparet,
701 823 767 862 cum
792 805 818 861 L
841 823 908 863 cum
931 807 1037 864 ceteris
1061 806 1211 864 codicibus
1235 826 1279 864 ar-

206 911 330 985 chetypi
354 915 470 968 textum
495 911 664 970 servaverit.

299 1051 401 1128 Itaque
423 1053 463 1126 L,
492 1053 541 1111 ubi
572 1071 640 1111 cum
668 1053 729 1112 solo
753 1054 789 1112 N
805 1055 887 1124 tacit,
915 1073 954 1113 ex
982 1074 1002 1112 x
1032 1073 1194 1132 suspensus
1223 1064 1277 1129 est,

208 1159 261 1217 ubi
296 1177 364 1217 cum
395 1159 491 1231 NHV,
515 1177 552 1218 ex
587 1178 608 1233 y
642 1160 764 1235 pendet,
801 1160 925 1236 denique
959 1179 1010 1220 eae
1043 1180 1159 1238 quoque
1192 1181 1279 1222 verae

207 1265 357 1339 lectiones,
381 1283 455 1341 quas
479 1284 545 1324 cum
569 1266 604 1323 N
621 1285 654 1323 aa
679 1268 699 1323 2
722 1266 809 1324 simul
833 1273 863 1325 et
882 1266 971 1325 DVN
989 1287 1159 1327 communes
1183 1270 1278 1344 habet,

208 1389 248 1430 ex
276 1390 308 1445 y,
337 1389 394 1430 non
422 1390 460 1430 ex
482 1391 504 1429 x
527 1372 652 1431 fluxisse
677 1372 818 1432 dicendae
843 1380 919 1432 sunt.
966 1375 1030 1434 Hoc
1053 1395 1168 1452 quoque
1193 1378 1278 1436 modo

208 1477 367 1536 nonnullae
394 1478 491 1536 variae
518 1478 661 1537 lectiones
690 1479 832 1556 explicari
855 1486 980 1555 possunt
1002 1486 1037 1539 ut
1059 1481 1103 1538 IV
1134 1484 1160 1555 7,
1173 1484 1228 1558 81;
1258 1501 1279 1540 x

209 1585 288 1643 enim
316 1585 400 1657 onio,
432 1585 510 1661 quod
534 1591 648 1643 rectum
672 1592 727 1660 est,
759 1586 925 1658 exhibebat,
950 1587 1056 1646 deinde
1080 1588 1225 1664 scriptura
1248 1589 1279 1647 in

209 1711 232 1766 y
263 1697 375 1750 mutata
407 1692 521 1750 exstitit
553 1711 634 1764 aare,
671 1698 705 1750 ut
735 1692 902 1752 etiamnunc
933 1693 962 1751 in
995 1694 1022 1752 L
1050 1695 1110 1753 solo
1135 1695 1278 1771 scriptum

209 1799 355 1872 videmus,
379 1799 408 1857 id
432 1819 452 1873 y
477 1799 580 1858 classis
603 1799 719 1858 codices
742 1807 844 1877 postea
867 1801 895 1858 in
919 1800 1006 1859 burico
1030 1806 1227 1861 mutaverunt.

300 1942 456 2019 Reliquum
479 1947 532 2015 θεῖ,
556 1948 590 2000 ut
613 1943 650 2000 de
673 1943 772 2018 pravis
794 1942 969 2002 lectionibus
983 1944 1010 2002 L
1026 1944 1136 2003 codicis
1152 1945 1278 2021 propriis

210 2066 304 2126 pauca
334 2050 448 2108 addam.
510 2049 740 2125 Depravatorum
774 2051 852 2109 enim
884 2052 1015 2109 locorum
1047 2069 1187 2110 numerus
1220 2070 1278 2110 non

211 2173 321 2233 parvus
348 2160 405 2228 est,
434 2156 485 2214 sed
513 2156 688 2232 plerumque
715 2175 828 2215 errores
857 2158 1019 2234 lapsusque
1042 2158 1145 2216 calami
1169 2157 1277 2217 librarii

211 2269 281 2321 sunt
312 2268 346 2320 ut
376 2262 391 2320 I
418 2263 498 2332 4,25
533 2263 645 2334 dormo,
677 2264 692 2321 I
727 2265 783 2336 8,2
815 2264 906 2321 iala'm·
937 2283 990 2340 pro
1019 2265 1123 2337 uilior,
1157 2265 1171 2322 Ι
1197 2266 1277 2338 9,28

210 2368 357 2443 cipiliaco,
381 2368 411 2426 II
437 2371 514 2441 1,67
539 2370 669 2444 replerat,
693 2370 724 2428 ll
746 2372 847 2436 1539
864 2369 943 2456 ιῖαὸξ,
968 2371 999 2428 ll
1023 2373 1123 2444 25,31
1149 2372 1278 2444 intende,

211 2493 258 2552 ΙΙΙ
281 2495 360 2565 5,36
386 2493 527 2566 Patauii,
557 2493 601 2552 ΠΙ
628 2496 676 2567 17,
689 2495 729 2552 25
754 2495 923 2569 depictarum,
951 2495 995 2553 lll
1021 2497 1071 2567 22,
1084 2497 1124 2554 30
1149 2496 1280 2554 cleeorore

213 2600 273 2675 (sed
303 2619 373 2658 coar.
406 2620 437 2657 m
469 2602 515 2674 2),
552 2600 594 2657 IV
627 2602 705 2670 1,19
734 2602 937 2676 Aetnaeaque,
973 2601 1016 2658 IV
1051 2601 1129 2673 3,37
1159 2602 1278 2676 Gopuor,

211 2706 255 2765 IV
278 2709 308 2780 4,
321 2709 360 2766 78
389 2707 477 2765 Taicit
499 2707 614 2783 aliaque
637 2708 743 2783 multa;
769 2707 835 2766 vide
859 2709 915 2766 tab.
939 2707 977 2766 Il.

301 2849 404 2925 Neque
433 2855 529 2908 tamen
554 2849 709 2908 Lusaticus
737 2850 829 2908 codex
856 2849 983 2926 propriis
1009 2848 1280 2925 interpolationibus

211 2973 334 3032 prorsus
365 2961 456 3029 caret,
487 2956 517 3013 id
549 2956 626 3032 qiiod
663 2956 763 3032 paucis
793 2975 871 3015 nuno
902 2957 1054 3031 attingam.
1107 2955 1166 3014 Sed
1196 2962 1280 3014 caute

211 3063 360 3138 agendum
398 3067 450 3120 θεῖ.
511 3062 616 3138 ltaque
650 3062 780 3138 primum
815 3062 933 3138 quidem
969 3061 1100 3120 mutandi
1133 3061 1280 3120 libidinem

212 3188 270 3228 non
300 3188 424 3244 agnosco
455 3170 484 3227 in
516 3169 574 3242 liis,
606 3188 680 3245 qliae
712 3174 882 3245 sepiuntur.
928 3168 942 3226 I
974 3170 1054 3239 8,19
1086 3172 1119 3224 ut
1147 3172 1171 3224 ta
1202 3167 1282 3242 felici

206 3282 384 3351 paraeciam,
409 3276 451 3333 ita
473 3277 509 3347 L,
534 3276 620 3351 quod,
644 3295 820 3352 quamquam
836 3275 871 3334 ad
889 3292 1007 3332 sensum
1023 3275 1133 3349 optime
1147 3274 1281 3349 quadrat,

212 3387 311 3440 tamen
335 3382 419 3441 metri
444 3401 533 3441 causa
556 3381 739 3440 abiciendum
765 3387 818 3440 est.
866 3381 943 3440 Illud
962 3385 1127 3455 pentecotem
1152 3381 1281 3455 interpo-

146 3478 149 3483 ’
210 3488 303 3547 latum
333 3506 398 3547 θεεθ
427 3488 548 3547 videtur.
595 3488 729 3546 Fortasse
761 3494 858 3546 autern
889 3488 944 3545 hoc
972 3504 1090 3562 quoque
1113 3485 1177 3543 loco
1201 3504 1282 3543 error

212 3595 321 3654 librarii
346 3595 522 3667 intercessit,
556 3595 604 3671 qui
629 3594 835 3671 compendium
859 3596 1017 3669 (p=pcr,
1042 3611 1113 3668 p:
1125 3591 1205 3668 prae)
1226 3610 1283 3649 non

213 3707 292 3760 recte
316 3701 469 3775 intellexit,
493 3701 599 3759 deinde
617 3704 816 3759 accusativum
828 3705 988 3775 parandam.
1006 3703 1164 3774 propterte
1181 3716 1282 3756 vocem

213 3809 435 3868 antecedentem
460 3807 597 3866 restituit.
643 3807 672 3865 ll
697 3809 776 3881 l,23
802 3826 914 3864 valternas
938 3824 990 3881 pro
1014 3805 1110 3879 sunus
1135 3805 1174 3877 L,
1204 3805 1282 3881 qrrod

212 3916 308 3992 ipsum
334 3934 452 3992 qnoque
475 3915 510 3972 ad
536 3933 662 3973 errorem
687 3914 795 3972 librarii
820 3912 919 3971 reterri
942 3919 1046 3987 potest.
1092 3910 1167 3969 Nam
1182 3911 1283 3969 oculos

212 4022 323 4080 librarii
338 4023 376 4080 ad
391 4022 613 4080 antecedentem
630 4039 729 4079 vocem
746 4021 904 4078 intraretur·
918 4018 1101 4077 aberravisse
1117 4024 1283 4094 propterea-

213 4148 272 4209 que
296 4129 426 4189 litteram
448 4148 479 4187 m
502 4147 555 4207 pro
578 4128 598 4205 f
616 4128 757 4205 scriptam
779 4144 845 4186 esse
868 4131 949 4203 puto.

1158 4247 1174 4297 5
